8498 11776
754 385 196 86 futtu,
1037 407 232 56 Canta
1326 424 46 38 a
1399 424 332 53 canzona
1780 405 85 57 di
1900 424 48 39 u
1980 408 196 67 papà

751 489 285 72 (rralalà
1102 497 147 57 ch'è
1300 504 215 50 mortu
1565 497 71 57 lu
1675 499 231 68 papà,
1955 498 67 55 ci
2079 497 96 57 ha

751 586 239 72 lagatu
1023 595 309 64 patrone
1371 588 78 57 di
1487 606 184 40 casa.
1703 584 27 75 )
1757 591 40 53 è
1838 596 202 49 tantu
2055 588 118 70 fie-

750 697 82 38 ra
881 681 285 70 quande
1235 679 60 58 li
1329 679 156 59 dicu
1515 679 261 58 ch'ella
1836 681 86 55 sà
1959 679 213 71 parla

754 790 193 38 corsu
972 774 35 55 !

749 4541 234 76 _Notrè
1037 4562 188 41 sceur
1266 4543 200 60 latine
1508 4555 99 49 est.
1682 4547 305 72 toujours
2027 4552 86 54 én

698 4636 182 72 proie
924 4639 41 55 à
1018 4637 70 59 la
1098 4636 303 81 terrible
1464 4638 277 58 malaria
1828 4638 285 73 laquelle

692 4710 237 91 ravage
982 4730 106 57 les
1144 4731 166 58 trois
1350 4739 235 64 guarts
1634 4730 90 60 de
1777 4732 74 59 la
1869 4728 240 83 pénin-

689 4819 213 67 sule..,
935 4832 69 48 et
1051 4823 332 59 d'ailleurs
1443 4824 65 58 il
1530 4824 197 59 allait
1758 4843 201 56 pour
1986 4827 123 58 elle

702 4912 190 72 d'une
944 4916 315 71 question
1311 4917 80 58 de
1473 4919 99 57 vie
1623 4926 70 64 et
1749 4919 86 58 de
1914 4930 189 61 mort,

691 5005 215 60 tandis
952 5025 136 55 que
1141 5029 190 64 pour.
1353 5009 60 59 la
1455 5010 311 59 Corse
1678 5001 68 100 —
1792 5020 114 77 car
1948 5013 162 59 c'est

680 5117 103 51 ce.
828 5100 111 71 qui
1034 5111 176 58 nous
1286 5103 500 76 intéresse
1629 5096 30 88 —
1680 5096 111 88 le
1831 5124 112 56 cas
2007 5117 101 54 est

695 5189 340 78 beaucoup
1069 5183 225 81 moins
1320 5214 197 54 grave
1534 5206 63 65 et
1614 5193 282 76 partant
1919 5200 189 71 point

684 5283 163 58 n'est
922 5280 237 65 besoin
1216 5287 82 78 de
1351 5276 134 72 s'en
1515 5290 350 59 émouvoir
1916 5303 186 48 outre

690 5360 303 93 mesure...
1285 5368 5 3 |

764 5468 118 57 Les
937 5488 284 54 moyens
1257 5447 329 105 employés
1625 5473 273 84 jusqu'à
1954 5444 147 113 pré-

683 5569 148 47 sent
889 5559 314 63 suffisent
1237 5558 592 89 doncamplement
1876 5573 49 61 à
1941 5571 158 59 mai-

687 5651 194 60 triser
947 5652 63 60 lé
1047 5656 161 58 mal
1241 5658 112 72 qui
1396 5676 93 42 ne
1549 5662 256 70 saürait
1856 5663 243 61 revêtir

680 5755 187 60 pour.
887 5755 211 51 notre
1144 5762 193 59 pays,
1361 5780 74 10 —
1460 5754 168 59 nous
1686 5755 275 74 parlons
2011 5757 83 60 de

675 5835 65 90 la
828 5836 230 79 Corse,
1134 5842 382 73 -toujours
1479 5867 91 25 —.
1599 5845 278 65 l'acuité
1931 5852 169 88 qu'il

727 5929 230 61 ossède
1022 5951 100 47 en
1160 5925 202 67 Italie.
1390 5900 195 110 (sic)
1893 5974 27 33 L

752 6020 109 84 En
900 6024 359 73 assèchant
1309 6029 313 74 quelques
1676 6036 272 69 marais,
2005 6057 83 38 en

669 6131 191 41 nous
889 6108 401 69 conseillant
1336 6121 80 58 de
1440 6125 351 70 pétroliser
1845 6128 67 60 la
1950 6147 140 54 sur-

662 6203 142 60 face
854 6206 83 61 de
990 6229 158 41 nos
1162 6212 276 59 citernes
1486 6227 175 49 eten
1728 6232 176 48 nous
1932 6242 155 39 ven-

669 6389 245 61 France
990 6415 43 39 a
1093 6397 125 61 fait
1295 6398 300 80 vis-à-vis
1627 6406 89 62 de
1760 6414 172 63 nous
2007 6428 76 40 ce

674 6485 231 70 qu'elle
959 6474 446 89 devait-faire,
1458 6515 44 46 c
1501 6495 361 134 ‘est-à-dire
1939 6510 147 71 tout

659 6594 124 39 son
834 6580 258 63 devoir.
1118 6581 271 80 (resic).

737 6671 98 56 Au
901 6677 318 72 surplus,
1277 6679 161 62 dans
1479 6661 138 83 PIle
1643 6658 110 88 de
1785 6618 282 138 Beauté,

650 6759 65 59 la
757 6762 192 79 plage
963 6771 461 70 pestilentielle
1447 6795 104 40 ne.
1581 6781 498 61 setrouve-t-el-

645 6874 68 58 le
765 6852 116 80 pas
920 6864 39 54 à
1017 6857 354 96 proximité
1452 6869 80 60 de
1582 6871 63 60 la
1734 6863 329 114 vivifiante

652 6963 357 64 montagne
1025 6952 358 78 (reresic).

730 7045 78 59 Et
852 7047 135 70 oui,
1050 7049 127 72 qui
1195 7059 84 72 ou
1318 7045 166 93 quoi
1511 7057 171 58 nôus
1727 7059 338 74 émpéche,

651 7136 193 76 après
861 7140 63 57 la
946 7141 247 74 piqûre
1216 7125 88 78 du
1321 7129 369 104 malfaisant
1741 7153 328 73 anophèle

649 7228 222 61 d'aller
921 7236 550 84 tranquillement
1521 7261 173 62 nous
1766 7244 296 62 installer

647 7342 153 39 sous
859 7324 99 60 les
1016 7317 445 85 chôtaigniers
1525 7319 85 87 de
1655 7337 410 75 Bocognano

644 7432 87 65 ou
773 7414 120 60 les
922 7419 174 75 larix
1123 7422 83 57 de
1253 7409 333 76 Vizzavona
1603 7432 55 78 ?
1641 7431 35 40 ?
1705 7433 142 71 qui,
1881 7434 177 72 quoi,

635 7506 71 72 je
745 7517 161 50 vous
961 7510 65 59 le
1082 7513 365 61 demande
1429 7517 120 61 ??
1496 7502 45 88 :

727 7599 95 59 De
863 7601 168 61 l'eau
1075 7603 267 72 fraîche,
1384 7602 374 89 d'opulents
1801 7618 260 60 onibrà-

638 7701 134 64 ges,
828 7694 84 57 dè
953 7698 444 77 confortables
1431 7703 216 63 hôtels
1694 7718 167 50 et....
1869 7710 106 59 de
1992 7711 62 77 la

639 7784 303 76 quinine(
973 7783 516 71 ..turellement
1434 7779 49 95 !
1503 7796 54 74 )
1561 7801 302 63 n'est-ce:
1873 7805 168 104 point

632 7870 227 72 assez?

696 7964 187 83 Vous
902 7953 243 80 'brôlez
1172 7994 152 41 sans
1364 7959 194 97 doute,
1570 8027 10 25 :
1611 7966 136 93 ami
1724 7958 4 3 i
1778 7954 266 108 lecteur;

630 8036 82 81 de
756 8059 338 82 connaître
1127 8064 268 102 l'auteur
1421 8064 107 68 de
1538 8085 110 51 ces
1708 8080 342 62 élucübra-

635 8152 186 59 tions
834 8154 41 58 2

709 8234 97 67 Eh
836 8230 219 78 !mon
1096 8252 188 66 Dieu,
1339 8257 61 57 le
1437 8260 402 72 Journaliste
1866 8275 113 69 qui
2007 8292 36 38 a

627 8337 162 57 écrit
816 8341 139 56 cela
986 8373 81 8 —
1085 8363 111 40 car
1222 8349 154 58 c’est
1400 8371 87 40 un
1509 8350 447 93 journaliste!
1970 8401 62 10 —

624 8425 180 61 dans
826 8431 65 57 le
897 8435 191 69 plus
1114 8427 372 83 important
1511 8453 364 69 quotidien
1892 8476 152 39 con-

625 8520 403 79 finentalde
1061 8528 74 59 la
1182 8528 213 82 Corse,
1441 8534 165 66 n'est
1639 8544 77 59 ni
1736 8548 324 61 meilleur

619 8611 69 56 ni
732 8613 152 70 plus
939 8619 304 61 mauvais
1292 8635 124 66 que
1455 8631 140 60 les
1612 8636 250 63 autres.

681 8703 342 82 Faisons,
1055 8719 168 66 pour
1263 8735 118 41 son
1408 8724 259 70 excuse,
1733 8737 144 67 què
1894 8736 145 70 pré-

603 8775 230 95 chant:
869 8799 373 78 d'exemple
1301 8821 187 49 notre
1538 8820 400 82 Écrivassier
1964 8828 73 58 se

614 8886 169 57 soit
801 8886 159 79 tout
987 8890 416 107 simplement
1464 8900 387 89 quininisé
1799 8896 66 97 .
1876 8919 158 70 plus

614 8985 132 64 que
790 8961 83 77 de
943 8987 230 75 raison
1229 9001 65 47 et
1347 9006 181 81 nous'
1564 9001 467 79 n'enlèvérons

620 9070 244 77 qu'une
935 9057 560 90 infinitésimale
1508 9097 223 67 partie
1770 9099 96 59 de
1906 9111 123 49 son

605 9145 429 80 inénarrable
1102 9173 223 61 sottisé
1374 9182 36 86 à
1476 9179 276 121 l'article
1811 9188 220 96 _incri-

612 9246 199 84 miné.
1564 9323 11 2 ì

683 9344 55 56 A
779 9348 223 73 moins
1010 9360 175 73 que;
1175 9337 271 101 comnie
1475 9339 181 106 moi;
1720 9349 134 84 aini
1901 9369 128 66 lec-

604 9433 188 65 teur,’
823 9450 173 48 vous
1046 9446 421 69 n’incliniez
1411 9429 62 91 à
1441 9478 38 54 à
1496 9462 260 90 Pensèr
1782 9475 132 65 que
1930 9489 98 39 re-

605 9523 435 83 connaissant
1075 9535 101 60 les
1193 9530 213 82 torts
1392 9545 358 70 immenses
1788 9557 238 82 qu'elle

601 9633 43 39 2
664 9623 86 67 en
771 9613 245 79 regard
1040 9626 86 58 de
1167 9609 95 76 la
1282 9622 200 92 Corse,
1531 9643 70 80 la
1650 9642 373 77 généreuse

599 9707 237 80 nation
859 9716 121 67 qui
1002 9718 188 58 nous
1196 9730 37 47 à
1255 9732 271 66 conquis
1545 9744 127 63 par
1690 9738 97 59 les
1800 9761 223 49 armes

601 9808 87 46 et
718 9819 170 42 nous
941 9807 391 67 administre
1379 9839 115 51 par
1563 9821 455 87 l’occultisme,

601 9902 87 41 ne
739 9896 342 69 continue,
1154 9921 119 48 par
1331 9908 549 69 l’intermédiaire
1941 9925 83 55 de

605 9976 256 76 plumes
908 9984 430 64 visiblement
1385 9996 489 77 intéressées,
1816 9992 73 87 à
1888 9992 131 87 en-
2051 10016 6 6 |

597 10082 154 39 core
816 10072 278 58 vouloir
1141 10076 169 58 nous
1357 10080 194 64 faire
1570 10088 310 95 prendre
1904 10081 107 98 des

596 10155 247 57 vessies
889 10178 177 52 pour
1111 10166 170 56 des
1301 10166 358 68 lanternes.

668 10243 95 59 Ce
800 10249 228 67 serait,
1089 10254 286 71 crois-je,
1428 10260 83 56 de
1554 10262 73 58 sa
1656 10275 176 59 part,
1873 10262 149 73 plus

591 10336 265 73 logique
875 10348 68 47 et
958 10340 156 71 plus
1131 10339 337 59 conforme
1479 10348 42 54 à
1517 10332 89 90 la
1608 10349 411 61 tradition...

1201 10429 82 62 O.
1308 10428 91 62 A.
1433 10431 506 75 Sanguinetti.

615 10635 88 9 —
727 10633 61 10 —
803 10604 96 37 —
907 10592 48 96 —
1163 10592 48 96 an
1019 10604 523 80 0__B>—
1561 10629 37 8 -

675 10753 38 35 «
751 10731 95 63 Ce
890 10750 149 59 que
1069 10732 78 77 je
1206 10732 293 81 pensais
1574 10732 195 93 faire
1829 10752 193 56 pour

587 10868 174 47 mon
796 10867 198 58 pays
1079 10852 204 64 natal
1356 10848 233 64 était
1592 10850 435 68 considéré

587 10985 137 60 par
769 10968 183 64 mon
966 10960 431 76 entourage
1430 10963 288 113 comme
1766 10959 98 65 un
1890 10955 131 87 vol

594 11087 137 65 fait
769 11085 47 65 à
845 11063 102 107 la
990 11067 430 88 France...?
1715 11085 5 3 |

2045 10204 3 1 I
2101 10208 241 62 sìeurs

2487 419 396 109 Illusions
2945 428 85 98 et
3089 421 368 106 Reéalites

2341 644 104 63 La
2518 644 214 66 Corse
2796 657 106 54 est
2982 648 206 63 dotée
3252 650 157 62 d'un
3497 650 180 61 train

2251 764 289 63 express
2644 747 116 82 qui
2811 748 190 76 relie,
3081 757 192 54 entre
3330 749 195 77 elles,
3575 748 102 63 les

2251 844 187 62 deux
2494 843 157 84 plus
2712 847 300 84 grandes
3092 848 202 63 villes
3355 848 85 62 de
3475 856 202 54 notre

2193 4555 202 62 souci
2458 4555 119 83 qui
2636 4555 88 67 l’a
2782 4563 302 80 poussée
3131 4568 39 57 à
3209 4564 286 66 rétablir
3554 4566 67 66 le

2201 4652 141 66 fam
2374 4676 136 44 eux
2499 4648 222 110 train
2733 4648 303 110 express
3076 4664 273 66 d'avant
3369 4679 252 75 guerre

2279 4755 153 66 Une
2568 4758 424 90 Compagnie
3090 4767 529 68 d'automobiles

2192 4859 195 63 avait
2482 4861 211 69 établi
2776 4879 89 55 un
2943 4870 269 63 service
3306 4872 311 86 régulier

2191 4967 199 57 entre
2441 4962 286 85 Ajaccio
2779 4974 63 56 ei
2883 4966 262 85 Bastia.
3231 4970 98 67 Le
3409 4970 208 134 voya-

2192 5081 89 63 ge
2327 5063 174 62 était
2567 5064 359 89 beaucoup
2951 5069 159 85 plus
3164 5081 201 56 court
3406 5076 207 90 qu'en

2186 5162 280 65 chemin
2546 5164 84 66 de
2699 5167 108 64 fer
2859 5171 279 64 étilse
3201 5173 256 79 faisait,
3527 5188 84 52 en

2187 5271 225 70 outre,
2447 5278 172 53 avec
2653 5267 157 85 plus
2848 5269 88 67 de
2974 5271 454 69 confortable.
3471 5275 138 67 Les

2150 5365 355 66 recettes
2551 5367 91 65 du
2708 5378 248 59 réseau
3057 5369 465 86 commençait
3568 5386 39 57 à

2181 5465 301 77 baisser.
2602 5470 184 66 Tout
2814 5472 73 65 le
2947 5476 277 71 monde
3296 5478 312 82 utilisait

2178 5565 489 69 l'automobile
2736 5594 179 66 pour
2958 5576 171 66 faire
3185 5579 155 85 plus
3363 5581 148 64 vite
3535 5590 71 57 et

2176 5682 182 71 pour
2394 5662 219 73 éviter
2671 5673 215 86 d'étre
2943 5678 345 67 trimballé
3323 5703 129 64 par
3497 5685 104 64 les

2177 5771 483 68 cahotemenis
2741 5761 85 81 de
2904 5789 200 55 notre
3179 5782 302 67 chemin.
3515 5786 85 64 de

2179 5871 141 83 fer.
2371 5870 189 69 C'est
2593 5895 178 72 pour
2806 5879 242 65 attirer
3085 5889 38 55 à
3173 5882 97 64 lui
3305 5883 69 65 le
3391 5907 205 63 voya-

2172 5993 178 65 geur
2385 5995 138 64 que
2561 5976 92 63 M-
2657 5976 372 106 Fontaine
3075 6003 38 43 a
3137 5980 235 137 rétabli
3436 5986 160 65 l'ex-

2168 6088 204 96 press
3330 6180 20 11 |

2253 6192 234 66 Cette.
2525 6207 271 57 mesure
2874 6203 199 84 prise
3165 6224 166 45 avec
3393 6212 199 60 mûre

676 6297 164 64 dant
902 6300 120 60 des
1090 6306 391 71 comprimés
1531 6310 86 60 de
1669 6313 305 73 quinine,
2020 6315 66 57 la
2105 6312 39 62 |
2167 6295 340 79 réflexion
2589 6303 228 64 aurait
2860 6325 97 63 pu
2959 6291 180 106 être
3154 6304 114 66 de
3323 6305 69 66 la
3428 6308 160 85 plus

2161 6399 296 84 grande
2497 6396 245 71 utilité.
2805 6403 155 66 Elle
3016 6408 179 90 n’est
3260 6428 88 44 en
3385 6409 200 66 réali-

2164 6506 74 76 té
2265 6501 260 84 qu'une
2588 6523 252 46 source
2877 6506 88 65 dé
2986 6506 425 69 révoltantes
3451 6518 133 56 tra-

2160 6596 348 70 casseries
2551 6625 177 63 pour
2764 6606 114 64 les
2883 6606 416 93 voyageurs.
3341 6608 108 66 On
3480 6612 103 63 di-

2158 6702 130 66 rai
2351 6712 225 56 même
2631 6709 198 83 qu'en
2877 6708 69 65 la
3032 6719 289 80 prenant
3369 6712 81 87 le
3482 6713 101 64 di-

2127 6801 307 68 recteur
2502 6826 41 43 a
2571 6808 223 86 voulu
2856 6824 79 51 se
2990 6820 288 100 moquer
3314 6812 86 65 de
3449 6834 128 45 son

2156 6906 280 80 monde.
2504 6890 195 100 Ainsi
2746 6931 79 45 ce
2857 6913 195 65 train
3108 6925 85 52 en
3228 6935 79 44 sa
3358 6915 214 85 quali-

2155 7003 67 68 té
2287 7003 356 91 d’express
2714 7011 200 67 brûle
2975 7018 340 63 cértaines
3365 7037 208 65 gares

2151 7129 180 76 pour
2382 7131 90 43 ne
2524 7113 344 65 s'arrêter
2895 7136 139 65 que
3095 7116 136 65 fort
3291 7139 137 64 peu
3488 7118 85 64 de

2138 7202 243 95 temps
2411 7221 145 53 aux
2590 7214 444 86 principales.
3079 7216 146 66 Une
3282 7239 285 65 person-

2144 7330 90 45 ne
2293 7312 121 84 qui
2481 7305 109 71 est
2648 7325 299 73 pressée
2963 7326 169 76 peut
3166 7319 158 64 bien
3368 7340 201 64 pren-

2145 7410 124 65 dre
2336 7424 93 52 un
2491 7413 195 66 billet
2730 7437 180 63 pour
2944 7428 135 55 une
3158 7431 164 97 gare
3386 7422 178 64 d'ar-

2140 7520 107 55 rét
2301 7512 167 82 bien
2527 7524 134 75 què
2725 7518 273 66 celle-ci
3065 7532 89 53 ne
3191 7522 161 65 soit
3439 7542 125 76 pas

2113 7602 208 97 celle
2392 7616 119 83 qui
2575 7617 267 65 dessert
2879 7640 77 44 sa
3015 7620 301 67 localité.
3368 7623 59 64 Il
3464 7611 114 77 lui

2142 7713 152 65 faut

2112 7815 504 87 s'embarquer
2682 7816 123 69 sur
2863 7843 87 45 un
3000 7829 418 63 autretrain.
3423 7779 138 115 "Or

2423 7717 194 82 pour.
2719 7729 271 56 rentrer
3036 7727 39 58 à
3136 7743 124 45 son
3349 7727 206 86 logis,

2134 7915 151 65 cela
2361 7916 99 64 lui
2498 7923 107 59 est
2632 7919 428 87 impossible.
3128 7927 90 63 M-
3259 7927 296 68 Fontai-

2108 8022 111 71 ne
2259 8025 96 55 et
2402 8037 115 43 ses
2599 8007 484 122 subôrdonnés
3124 8048 84 44 ne
3270 8030 68 64 le
3391 8053 189 64 per-.

2128 8124 298 57 mettent
2475 8140 148 64 pas.

2187 8217 146 65 Un
2388 8239 354 66 voyageur
2802 8195 108 114 qui
2950 8227 168 81 doit,
3161 8251 125 64 par
3321 8254 231 46 exem-

2037 8318 223 85 |ple,
2343 8321 328 80 s’arrêler
2741 8331 39 56 à
2830 8275 393 140 Barchetta,
3300 8332 241 89 prend,

2121 8432 183 92 pour
2392 8423 217 62 éviter
2665 8423 64 65 le
2811 8430 182 63 train
3068 8417 332 97 dusoir,.
3455 8459 91 43 un

2120 8520 202 64 billet
2358 8521 86 65 de
2496 8520 297 71 Bastia
2743 8516 63 93 à
2839 8528 429 77 Pontenovu.
3327 8537 58 64 Il
3418 8543 127 61 uti-

2103 8619 146 89 lise
2315 8621 161 83 bien
2531 8627 297 65 entendu
2906 8630 329 87 l'express
3294 8641 121 81 qui
3469 8661 75 46 se

2102 8704 248 80 croisé
2391 8741 38 44 a
2502 8722 405 72 Pontenovu
2978 8744 178 68 avec
3221 8736 68 65 le
3358 8744 183 89 train

2100 8818 402 86 d'Ajaccio.
2570 8824 54 64 Il
2690 8831 110 64 n'a
2875 8833 180 76 done
3125 8840 154 81 qu'a
3330 8851 210 76 pren-

2098 8915 141 69 dre
2293 8942 93 43 un
2439 8923 196 65 billet
2704 8928 86 66 de
2856 8932 405 75 Pontenovu
3296 8946 40 58 à
3377 8942 166 66 Bar-

2113 9018 236 67 chetta
2444 9032 69 54 et
2549 9024 47 63 il
2661 9047 155 46 sera
2916 9034 89 88 de
3058 9038 178 62 suite
3306 9042 236 69 rentré

2112 9118 169 67 chez
2355 9121 124 64 lui.
2586 9124 166 69 Cela
2821 9142 108 54 est
2994 9116 328 88 toutefois
3383 9153 148 83 trôp

2108 9221 286 85 simple.
2469 9222 97 65 Le
2629 9214 349 83 directeur
3045 9235 89 62 de
3188 9233 202 74 notre
3435 9254 103 56 ré-

2106 9339 174 45 seau
2342 9323 111 62 n'a
2480 9344 145 63 pas,
2660 9334 331 77 parait-il,
3032 9334 381 74 l'habitude
3452 9347 84 65 de

2108 9419 369 86 simplifier
2577 9426 101 64 les
2751 9432 306 84 choses,-
3088 9440 178 64 voilà
3329 9464 205 64 pour-

2101 9523 176 77 quoi
2368 9529 200 57 notre
2647 9548 359 73 voyageur
3100 9547 102 54 est
3301 9540 235 96 obligé

2098 9619 428 65 d'attendre
2559 9625 64 61 le
2672 9618 277 80 dernier
3026 9640 174 62 train
3266 9643 91 63 du
3391 9648 146 62 soir

2090 9715 134 99 qui
2261 9723 227 63 arrive
2558 9731 38 57 à
2624 9726 374 72 Barchetia
3023 9742 38 57 à
3088 9739 154 86 cinq
3280 9744 252 68 heures

2092 9805 100 77 de
2226 9823 177 62 nuit.

2187 9920 416 68 Vainement
2683 9938 452 63 essaiera-i-il
3188 9944 347 79 d’obtenir

2107 10032 94 41 un
2241 10016 205 65 Billet
2518 10022 90 62 du
2638 10028 165 64 chef
2836 10034 86 60 de
2956 10054 171 61 gare
3161 10039 87 62 de
3282 10041 249 80 Ponte-

2094 10112 205 61 novu
2319 10135 94 43 ou
2451 10103 93 77 du
2581 10122 165 63 chef
2791 10129 90 60 de
2935 10131 204 59 train.
3179 10133 134 66 Ces
3353 10161 178 43 mes-

2449 10234 77 42 se
2580 10220 315 62 refusent
2943 10230 41 54 à
3016 10224 171 63 leur
3258 10234 275 66 donner

2104 10300 471 74 satisfaction.
2641 10314 489 83 L'Inspecieur
3186 10337 112 51 est
3338 10332 194 63 d’ail-

2100 10390 196 65 leurs
2358 10399 70 60 Ià
2485 10406 118 75 qui
2641 10412 289 61 tranche
2985 10413 64 62 la
3089 10426 322 83 question
3447 10434 85 56 en

2104 10503 370 61 menacant
2538 10496 85 61 de
2696 10503 176 65 faire
2931 10528 95 41 un
3074 10518 352 78 rapport
3351 10492 72 108 à
3461 10524 73 62 la

2102 10586 370 66 direction.
2535 10591 184 69 C'est
2790 10603 87 63 de
2913 10616 183 56 cette
3146 10623 222 53 sorte:
3399 10640 131 62 que

2107 10684 334 88 lexpress
2493 10703 164 69 peut
2728 10708 147 57 étre
2927 10706 172 62 utile
3133 10730 138 43 aux
3319 10712 215 94 voya-

2098 10805 239 61 geurs.
2422 10786 296 72 Baccalà
2813 10823 128 61 per
2950 10782 390 106 Corsica!
3339 10815 193 61 rien

2101 10882 89 63 de
2232 10882 163 92 plus
2464 10893 185 59 vrai.
2689 10894 77 64 Si
2801 10919 181 44 nous
3019 10903 239 64 avions
3309 10918 225 56 toute-

2096 10980 139 63 fois
2274 10982 86 62 de
2423 10982 174 103 bons
2632 11002 516 74 représentants
3221 11025 119 42 ces
3368 11029 162 46 ano-

2101 11079 249 63 malies
2410 11102 90 42 ne
2553 11075 91 72 se
2713 11092 473 89 produiraient
3220 11124 152 62 pas.

6734 417 24 146 |

6075 910 220 41 Musica
6323 909 57 41 di
6419 907 150 54 Kyrn

3643 4694 5 5 |
3704 4613 262 72 L’amor
3986 4628 39 57 è
4052 4646 94 40 un
4192 4627 344 70 acillucciu
4562 4648 59 56 a
4632 4628 245 76 mezz'u
4897 4635 187 68 pettu
5066 4609 50 99 :

3775 4738 186 72 Ancu
3990 4737 66 59 la
4080 4724 176 102 notte
4282 4724 144 102 ellu
4442 4712 291 116 rumena
4773 4737 170 68 l’ale,

4002 4831 192 76 Sfida
4209 4851 154 59 sole
4383 4840 35 70 e
4438 4849 376 76 timpurale,

3827 4953 270 65 Dorme
4118 4957 154 62 fòra
4299 4969 36 50 e
4351 4960 238 81 veghia
4619 4958 70 62 in
4716 4960 184 60 lettu.

3751 5191 258 81 L'amor
4037 5214 39 56 è
4110 5167 191 137 quasi
4311 5171 47 101 |
4339 5187 194 107 cume
4561 5225 137 50 una
4727 5217 312 82 lumera
4976 5208 64 95 ;

3883 5306 56 61 U
3958 5293 188 72 lume
4168 5295 151 101 face
4356 5295 285 90 intondu
4672 5311 167 73 a°na
4857 5262 252 118 zitella,

4019 5400 77 60 In
4129 5401 68 85 la
4227 5376 140 109 vita
4382 5410 152 67 pare
4561 5421 39 41 a
4620 5404 200 82 stella

3915 5477 145 94 Chi,
4096 5488 99 95 cu
4213 5477 182 138 nella,
4446 5496 160 99 luce
4634 5518 39 37 e
4685 5514 233 58 spera.

3725 6461 639 120 Prupaganda
4410 6477 96 70 in
4535 6450 495 130 America

3747 6678 65 58 A.
3850 6646 396 113 prupositu
4256 6672 69 84 di
4350 6706 38 38 «
4410 6675 361 78 Brèvettu
4783 6658 309 97 elemen-

3661 6777 248 72 tariu»>
3933 6798 100 43 un
4068 6782 462 73 Americanu
4571 6789 73 64 di
4702 6789 394 84 Capicòrsu

3631 6876 94 61 si
3748 6872 253 86 lagna
3981 6881 151 63 in'u
4153 6904 44 39 «
4225 6884 676 84 Bastia-Journal»
4929 6893 159 75 ch'u

3628 6993 358 65 guvernu
4011 6977 329 81 francese
4376 7009 99 44 un
4483 6992 142 70 dia
4646 6992 127 83 più
4824 6996 305 99 grande
5060 6992 73 107 |

3627 7079 291 65 facilità
3944 7101 40 58 a
4012 7086 25 61 i
4070 7078 314 111 giovani
4382 7088 220 97 Còrsi
4643 7057 419 128 perch'ell'ot

3648 7186 312 78 tenganu
3986 7204 161 58 una
4160 7180 210 91 carta
4382 7181 266 91 pecura
4680 7215 91 44 ne
4801 7216 40 44 a
4881 7201 214 79 quale

3623 7300 71 51 u
3735 7228 537 133 Vice-Rettore.
4267 7279 301 85 afférma
4612 7297 256 71 -ch'elli
4915 7318 178 82 sanu

3645 7379 260 85 leghje,
3949 7390 244 72 scrive
4232 7410 39 60 e
4283 7382 249 114 cuntà..

3625 7517 23 34 *
3732 7482 349 88 Pare—è
4105 7477 284 133 sempre.
4431 7446 479 151 l'Americanu
4963 7522 124 64 chi

3638 7604 206 77 parla
3864 7630 83 22 —
3976 7596 159 76 che
4169 7591 182 111 stè
4359 7586 330 131 brevettu
4713 7620 375 69 »francese

3642 7704 209 64 abbia
3885 7703 741 104 grand'impurtanza
4642 7722 79 62 in
4751 7724 335 67 America

3643 7802 132 106 (I)
3800 7825 40 44 a
3870 7819 234 82 scopu
4126 7804 85 81 di
4224 7814 265 109 gallica
4544 7864 9 20 :
4567 7829 520 97 prupaganda...

3729 7895 221 79 C'est
3948 7910 120 92 un
4081 7905 159 89 peu
4249 7901 179 109 fort
4463 7918 89 65 de
4588 7916 498 90 café,avereb-

3637 8006 90 65 be
3793 7987 219 88 dettu
4074 8007 333 106 madama
4510 8021 402 88 Sévigné?.
4926 8077 14 15 .
4986 8018 92 96 Ed

3636 8097 267 88 infatti,
3967 8112 40 63 è
4039 8101 327 118 propriu,
4396 8131 134 57 una
4579 8073 411 144 stupidagine
5007 8108 71 87 !

3634 8205 261 68 L'altre
3960 8217 335 64 nazioni
4377 8223 61 62 si
4501 8233 440 78 cuntentanu
5010 8233 70 65 di

3641 8310 265 70 mandà
3933 8334 40 43 a
4007 8315 616 91 l'esteru.duttori,
4687 8319 402 95 prufessori
5071 8304 58 114 [

3629 8427 40 45 e
3704 8412 404 79 giurnalisti
4161 8419 128 66 chi
4308 8425 311 80 rialzanu
4652 8451 44 44 u
4714 8436 370 84 prestigiu
5065 8408 59 116 !

3630 8510 209 64 d'un.
3843 8523 318 78 populu
4210 8528 178 77 assai
4451 8536 288 79 megliu
4780 8529 130 72 che
4980 8558 98 45 un
5130 8547 9 73 |

3623 8587 339 112 simplice
3996 8622 550 88 «brevettatu.>

3710 8714 48 63 E
3780 8718 148 80 pôi,
3964 8741 98 47 un
4103 8707 296 96 bedimu
4406 8736 213 72 mica
4654 8718 113 85 chi
4803 8737 257 92 prupa-

3619 8817 235 79 ganda
3885 8815 220 86 pôrü:
4125 8826 60 62 fa
4227 8845 79 59 in
4322 8830 340 77 America
4699 8842 21 61 i
4758 8840 291 93 giovani

3624 8905 210 78 Côrsi
3872 8922 113 65 chi
4021 8944 187 46 sanu
4242 8930 250 83 leghje,
4526 8943 239 65 scrive
4791 8964 41 47 e
4862 8950 212 67 cuntà

3612 9016 88 62 in
3731 9018 369 71 francese
4034 9012 63 93 !

3686 9115 321 100 Almenu
4087 9146 366 73 ch'ell'un
4515 9160 262 69 dicanu
4847 9188 268 49 mane
5064 9142 51 99 !

3598 9254 76 77 e
3729 9256 189 50 sera:«
3943 9239 402 77 Troisèt
4404 9259 230 67 deux
4660 9267 176 80 font
4900 9275 236 62 six!)

3615 9336 380 73 Poincaré
4029 9353 119 59 est
4173 9350 124 64 uri
4319 9346 257 91 grand
4628 9367 341 70 homme!

3612 9441 123 59 six
3762 9447 77 58 et
3904 9439 303 91 quatre,
4241 9439 207 82 huit!
4469 9462 110 66 La
4613 9468 290 69 France
4941 9471 94 168 est

3618 9535 79 67 la
3719 9548 383 74 première
4141 9548 263 73 nation
4439 9564 106 65 du
4611 9574 362 61 monde!..

3699 9642 61 60 À
3822 9647 250 67 litania
4127 9651 304 82 pò-durà
4482 9671 334 76 parecchi
4882 9675 169 60 anni

3614 9737 138 82 (un
3831 9750 458 85 paternòstru
4365 9768 176 83 Ogni
4624 9771 210 78 jornu
4921 9788 134 61 per

3591 9923 3 2 |
3618 9833 491 121 Doumergue,
4137 9872 97 45 un
4248 9874 157 49 ave
4427 9871 234 58 maria
4686 9886 138 62 per
4842 9854 213 78 Ceci-

3609 9941 99 62 lia
3744 9941 292 71 Sorele
4037 9971 110 44 un
4202 9946 224 108 gloria
4455 9968 215 76 ‘patri
4694 9983 129 63 per
4865 9966 188 64 Ver-

3611 10040 477 90 cingétorix
4023 10036 66 98 )
4126 10068 44 43 e
4195 10050 85 93 di
4283 10047 117 74 sta
4422 10078 295 71 manera
4742 10082 42 43 a
4837 10063 214 65 Corsi

3612 10150 81 44 ca
3720 10141 263 64 anderà
4012 10163 41 43 a
4092 10132 466 97 salvamentu.

3695 10248 530 79 L'americanu
4258 10271 74 60 in
4373 10233 320 129 quistione
4723 10292 16 43 c
4741 10240 92 122 ci
4879 10280 174 61 assi-

3611 10347 170 56 cura
3844 10349 135 61 che
4049 10360 135 74 più
4218 10368 70 60 di
4348 10374 221 67 centu
4633 10371 409 90 cinquanta

3608 10438 197 61 mila
3847 10444 235 68 Còrsi
4133 10457 318 68 bivenu
4423 10484 88 43 in
4547 10469 422 65 America...
4999 10475 54 62 E

3597 10529 225 66 cume
3854 10543 66 59 ci
3950 10545 99 63 nè
4082 10551 48 60 l’
4133 10555 261 67 istessu
4417 10580 310 48 numaru
4758 10568 79 62 in
4874 10570 174 84 Ogni

3610 10626 237 81 paese,
3861 10639 202 78 fòra
4139 10654 196 81 eh'in
4417 10659 267 77 Italia,
4765 10678 290 55 saremu

3610 10741 284 68 sempre
3918 10751 268 63 povari
4211 10771 43 42 e
4271 10746 453 86 mischini....
4757 10757 283 111 Povari,

3611 10825 87 73 si,
3720 10845 117 45 ma
3871 10833 434 78 francési1,-

3679 10870 407 137 Prighemu
4126 10942 492 76 l'americanu
4644 10958 71 62 di
4744 10960 70 62 fa
4835 10948 250 83 ritor.
5036 10938 50 98 |

3609 11038 156 44 nua
3802 11023 288 77 Ciudad
4112 11039 291 71 Bolivar
4451 11052 279 70 induve
4761 11042 279 106 l'aspet.

3611 11125 75 57 ta
3716 11141 42 43 a
3791 11130 249 64 sulana
4078 11135 361 85 d'agostu
4379 11121 52 103 !

5109 9099 6 63 |

4630 5732 305 63 L'amore
4973 5738 178 77 dòpu
5179 5761 159 56 pare
5354 5737 298 78 scimitai

4641 5825 215 83 Cume
4873 5893 2 2 a
4947 5822 70 70 lu
5046 5833 256 86 riturnà
5327 5837 69 76 di
5415 5823 275 108 malatia

4759 5921 52 58 E
4838 5923 54 64 si
4921 5924 195 72 dice
5094 5948 73 38 in
5193 5910 344 80 fantasia:.
5703 5957 41 28 Y.

4679 5995 237 109 Piglia
4909 6011 274 122 moglia
5201 6040 37 41 e
5266 6016 302 131 dumerai
5593 6020 78 70 1

5172 6820 509 86 Passaf'ècapu
5690 6835 273 63 d'annu
5974 6853 143 47 eun
6131 6841 101 59 mi
6241 6845 351 77 n'accorsi,

5168 7484 107 59 d'i
5289 7488 141 58 miò
5450 7486 312 73 fratelli
5730 7513 75 40 in
5828 7496 282 62 rimeed
6137 7500 74 60 in
6245 7498 352 87 canzone!

5175 8160 10 17 :
5241 8140 68 58 fi
5318 8141 256 76 basgiu
5594 8144 178 75 forte
5799 8173 39 38 e
5863 8156 68 58 ci
5943 8166 210 74 mettu
6180 8162 290 66 l'amore

5143 8230 393 79 ch'agghiu
5556 8248 125 72 per
5698 8247 226 84 guelli
5953 8221 100 89 di
6042 8234 72 78 lu
6131 8266 238 55 nostru
6379 8264 204 62 stôlu.
6585 8257 51 100 |

5123 10426 199 81 mier
5358 10431 77 57 n°
5504 10415 90 77 de
5627 10433 44 61 l’
5685 10426 534 102 Observateur,
6249 10455 72 62 le
6377 10476 176 66 nou-

5107 10494 136 97 vel
5319 10522 584 104 hebdomadaire
5968 10546 299 69 bastiais
6333 10561 123 78 qui
6520 10584 38 46 a

5125 10619 177 81 paru
5342 10618 71 67 le
5455 10632 81 55 1"
5557 10628 298 76 Janvier
5881 10660 124 45 sur
6030 10653 235 75 grand
6295 10658 263 75 format

5124 10737 183 54 avec
5343 10741 143 65 une
5529 10727 187 68 série
5750 10737 352 72 d'articles
6141 10755 183 78 plus
6350 10764 218 70 inté-

5125 10825 322 72 ressants
5485 10828 104 62 les
5625 10849 134 49 uns
5791 10857 141 63 que
5952 10848 108 62 les
6094 10856 235 90 autres.

5120 11018 112 64 les
5288 11018 44 67 à
5393 11041 135 48 sor

5124 11122 358 68 combatif
5535 11130 337 82 Fernand.
5902 11146 400 94 Lombardi
6378 11185 76 59 et
6502 11183 41 66 à

5655 4682 189 73 Batte
5874 4695 72 61 in
5989 4697 176 70 còre,

5630 4787 267 63 Picchia
5923 4789 72 61 in
6022 4800 187 58 testa,

5641 4880 200 84 Tuttu
5870 4883 73 61 in
5971 4884 167 80 festa
6185 4924 11 6 -
6225 4878 6 4 -

5653 4984 4 4 ‘
5691 4965 187 74 Face
5904 4977 196 61 andà.

5262 5227 304 71 L'amor,
5580 5246 38 39 a
5657 5230 262 67 tutt'età
5957 5216 317 74 ciarbellu
6296 5228 163 87 spia:
6449 5220 154 97 nta;
6577 5274 30 49 5

5348 5322 58 59 A
5434 5321 79 68 lu
5536 5310 278 93 vecchiu
5832 5321 49 61 li
5900 5319 238 84 presta
6143 5311 319 79 zitillina,

5464 5397 318 84 Scimisce
5799 5416 185 75 gallu
6010 5436 38 40 e
6070 5417 272 74 gàllina,

5462 5501 191 70 Ancu
5668 5498 77 73 lu
5773 5509 170 62 frate
5969 5510 134 70 ellu
6109 5506 222 98 tanta.

5385 5620 16 8 -

5240 6491 277 160 Bon
5586 6508 117 156 di
5797 6559 66 97 e
5932 6503 230 157 bon
6196 6514 333 150 Annu

6522 6801 17 16 ff

5243 6923 269 62 Perche
5535 6929 339 63 cum'altri
5908 6929 194 77 jorni
6139 6928 377 84 travaglai;

5244 7018 62 58 À
5339 7020 153 57 vita
5532 7023 38 55 è
5593 7021 200 74 dura,
5815 7046 40 40 e
5879 7045 198 42 cume
6114 7036 75 53 tu
6216 7029 72 62 la
6333 7034 115 59 sai

5247 7111 29 58 i
5297 7113 142 59 miò
5474 7114 292 79 piugoni
5814 7121 296 72 cherenu
6154 7123 301 64 succòrsi.

5248 7205 292 60 Stasera
5580 7211 295 75 vegghiu
5913 7215 159 62 solu
6090 7237 47 39 a
6162 7218 78 59 Iu
6270 7219 247 83 fucone

5240 7297 510 78 Perch'agghîu
5773 7309 308 62 ricevutu
6113 7310 478 90 l'almanaccu,
6622 7374 6 9 !

5245 7392 285 75 legghîiu
5543 7416 38 38 e
5604 7399 342 81 rilegghiu
5964 7423 40 40 e
6020 7406 149 58 mai
6180 7409 91 56 ne
6284 7427 78 39 sò
6369 7397 228 82 fiaccu

5251 7570 103 70 Un
5374 7590 217 65 possu
5615 7587 251 63 scriv'à
5887 7583 157 105 futti
6055 7602 64 61 ,o
6143 7590 170 86 càru
6324 7579 263 86 Rocca!
6612 7612 41 33 |

5246 7672 137 60 Per
5408 7674 184 62 dalli
5611 7678 71 61 lu
5698 7681 138 61 bon
5864 7686 79 58 dì
5970 7682 38 63 è
6022 7686 76 60 lu
6120 7668 138 81 bon
6284 7710 215 42 annu.

5246 7760 82 162 Mi
5373 7787 91 42 ne
5489 7770 309 75 dispiace
5824 7779 200 61 assai
6043 7801 42 40 e
6103 7779 201 65 tròvu
6344 7784 248 75 affanu

5237 7859 171 61 d'un
5415 7859 194 77 pudè
5631 7887 169 43 vene
5810 7880 132 70 per
5957 7876 364 78 parlatti
6275 7872 58 86 a
6347 7881 233 62 bocca.

5225 7944 82 84 È
5341 7957 146 73 cusì
5513 7961 240 61 scrivu.
5780 7963 94 61 Ti
5892 7969 245 60 scriv'a
6153 7971 73 59 tè
6248 7962 150 72 sòlu
6572 7972 9 7 |

5231 8036 261 80 perché
5515 8052 65 58 ci
5601 8057 142 57 feni
5764 8068 48 49 a
5841 8057 164 63 tutii
6018 8057 74 66 in
6111 8066 78 59 lu
6216 8075 66 53 tò
6307 8092 155 40 core

6600 7690 16 17 =

5237 8327 250 63 Salute
5514 8352 38 40 e
5566 8342 177 64 pace
5768 8352 49 46 a
5838 8345 137 69 voi,
6008 8349 154 72 cari
6194 8350 309 85 fratelli!

5236 8420 366 74 Speranza
5615 8448 36 41 e
5661 8431 186 63 bona
5855 8436 210 72 fede
6032 8431 181 72 indu
6225 8445 107 64 PA
6338 8444 237 103 bbene,
6581 8455 5 4 |

5232 8513 288 66 riuscita
5545 8543 39 37 e
5589 8513 305 83 furtuna
5921 8552 47 40 a
5993 8530 139 65 voi.
6127 8533 257 86 zitelli,

5231 8628 46 40 a
5318 8614 242 74 vecchj
5590 8619 143 60 vita
5752 8621 212 78 longa
5990 8649 39 38 e
6046 8632 238 63 senzà
6287 8647 235 61 pene..

5231 8701 224 66 Altru
5472 8728 141 42 nun
5639 8714 158 76 dicu
5814 8719 154 71 più.
6007 8723 133 60 Chi
6148 8730 134 72 prò
6301 8731 193 77 faria

5224 8797 76 84 d'
5296 8793 284 108 allungà
5606 8805 71 79 lu
5692 8796 354 91 discorsi
6014 8819 176 72 inst
6190 8817 389 111 occasione?
6633 8848 6 39 :

5245 8908 121 61 Ciò
5390 8911 149 62 ch'è
5559 8915 210 77 longu
5794 8923 152 61 vole
5962 8905 510 116 preparazione
6520 8931 122 85 À

5229 9023 113 41 eu
5374 9004 451 76 «apréparatu»
5847 9029 211 48 serve
6065 9040 46 38 a
6132 9025 331 72 «gallèria
6484 9054 34 31 »
6544 9012 34 77 |

5225 9088 357 73 Salutami
5595 9107 168 69 però
5789 9126 48 40 a
5863 9107 79 62 io
5960 9096 252 89 dégna.
6225 9126 229 64 sposa;

5171 9243 9 10 .
5232 9189 214 64 Tocca
5460 9202 130 64 per
5612 9200 106 55 mè
5742 9198 74 61 la
5843 9220 227 61 manu
6078 9223 45 40 a
6151 9201 322 112 Serafinu.

5105 9375 245 127 Passa
5349 9364 48 142 i
5383 9395 75 39 in
5484 9366 297 129 cucina,o
5808 9382 276 114 chiama
6116 9387 79 91 in
6212 9353 59 108 lui
6292 9339 302 175 giardi:
6695 9398 3 2 o

6467 9486 173 69 nul

5123 9492 128 158 edì
5265 9555 453 63 ch'iòmandu
5734 9580 96 65 un
5843 9562 255 72 basgiu
6109 9584 52 39 a
6172 9568 190 62 Mari
6362 9547 210 107 a-Ro-
6633 9601 83 48 200

6486 9674 86 57 sa

5762 9691 72 121 U
5899 9718 560 123 Sampetracciu.

5578 9916 4 2 —
5609 9912 450 72 (fe
5836 9990 11 7 ,
6077 9929 8 5 :
6163 9944 5 1 .
6291 9959 32 9 7

5259 10090 582 156 Nouveau
5891 10079 565 220 Confrère

5215 10325 204 64 Nous
5458 10328 222 69 avons
5708 10328 79 75 lu
5812 10309 178 99 avec
6016 10349 254 78 plaisir
6303 10355 69 61 le
6397 10309 164 144 pre-
6567 10398 9 27 |

5210 10919 155 64 Nos
5404 10922 471 90 félicitations
5902 10947 107 65 les
6072 10955 165 81 plus
6275 10967 273 73 cordia-

5593 11029 399 86 Rédacteur
6063 11054 382 101 Politique,
6463 11071 83 74 le

6531 8530 202 208 [A
6783 8475 491 283 MERTINU
7299 8461 799 352 APPInzapauiÀ

7407 270 175 39 ———
7595 270 376 39 r—r—-_rrm

7063 417 476 91 Ritrattu
7555 417 374 116 Corsu

7704 604 137 10 RS

6872 685 217 67 Pueta
7080 679 60 88 e
7191 689 408 74 litteratori,

6867 786 257 85 Degnu
7172 787 69 64 di
7299 785 670 98 grand'attenzioni,

6864 885 187 66 Faci-
7074 885 269 84 palpità
7401 889 63 89 li
7518 891 147 61 cori
7932 854 41 72 c

895 864 14 11 ;
1316 865 14 12 j
1888 882 280 38 cumpa-
3756 906 208 41 Parole
4006 907 55 39 di
4110 906 298 47 Maistrale
5283 954 26 9 -
7770 995 13 12 .

739 864 168 148 riot
1027 872 92 140 i
1122 860 446 182 sintimenti.”
1602 878 375 162 simpatichi
2046 868 102 173 di
2249 943 500 83 dépariement,
2871 948 291 81 Ajaccio
3247 955 79 154 ci
3405 942 224 171 Bastia
4144 958 11 8 |
6864 985 366 65 Cantendu
7271 988 53 61 li
7356 1004 84 46 so
7493 1005 321 51 canzoni.

842 1048 14 20 ”
981 1047 170 14 Ajacci
2247 1040 192 65 C’est
2495 1043 68 62 là
2631 1044 467 66 l’importante
3168 1053 327 70 réforme,
3579 1048 94 60 l’u-
4496 1121 4 4 |

746 1066 94 37 un
900 1049 367 78 Ajaccina.
1770 1134 77 62 A
1889 1134 100 62 .C.
2244 1138 203 92 nique
2485 1063 470 158 amélioration
3016 1167 134 61 que
3187 1166 174 42 nous
3402 1148 266 61 devons
4073 1114 75 64 À
4160 1113 310 151 FEegr
4469 1125 193 65 etto
6206 1257 37 23 —
6442 1249 137 26 —
6856 1187 345 65 Patriottu
7254 1189 226 114 innam
7510 1195 186 120 uratu

2245 1248 41 56 (fà
2337 1251 202 54 notre
2620 1243 425 85 Compagnie
3099 1245 86 62 de
3257 1245 287 63 Chemin
3586 1247 85 62 de
6217 1278 362 93 U
6830 1276 115 92 Di
6988 1278 215 119 l'isula
7212 1289 90 104 di
7371 1290 308 79 billezza,

1204 1325 926 66 —iUsee——
1775 1321 31 92 —
1805 1321 162 92 ——
1966 1321 39 92 pn
2005 1321 16 92 U
2028 1321 46 92 —
2246 1341 128 62 fer.
2458 1341 166 63 Cela
2697 1366 36 39 a
2771 1352 332 75 pourtant
3164 1345 157 62 suffi
3396 1366 178 61 pour
3603 1346 93 86 la
3677 1341 80 95 )
3809 1385 188 42 —F/~—
4512 1388 53 62 7
6343 1371 220 103 AL
6855 1389 51 62 E
6941 1390 401 81 dapertuttu
7382 1393 353 66 aclamatu

1035 1453 4 4 |
1297 1469 45 76 o.
1540 1475 58 51 n
2239 1439 177 63 faire
2482 1460 338 58 mousser,
2879 1463 179 62 pour
3097 1453 235 72 capier
3400 1445 268 62 l'admi-
4259 1509 122 54 lL’a
4389 1503 65 77 -
4469 1523 147 40 mor
4675 1507 40 51 è
4759 1521 95 38 un
4922 1509 254 51 a'‘-cil
5282 1536 33 10 -
5406 1507 120 51 luc
5566 1531 32 16 -
5633 1507 98 50 c'a
5776 1515 394 42 mez-zuu
6363 1494 144 79 pet-
6814 1601 6 4 |
6855 1487 154 66 Cun
7049 1497 281 110 manera
7362 1508 40 43 e
7424 1508 130 98 cun
7581 1491 319 121 dulcezza

741 1484 136 140 Le
937 1485 645 139 Paludisme
1616 1526 128 93 en
1809 1477 326 165 Corse
2239 1539 232 62 ration
2547 1538 122 62 des
2782 1561 246 64 gogos.
3137 1541 255 65 Pensez
3484 1543 182 63 donc
4794 1570 96 127 ~a
5432 1626 490 65 ROUE
6853 1588 320 65 Cantanu
7230 1593 49 61 li
7319 1609 341 49 marinari

1615 1667 10 5 |
2239 1659 87 42 un
2397 1659 306 64 express,
2767 1641 343 64 circulant
3170 1664 121 42 sur
3323 1653 199 54 notre
3562 1652 102 55 ré-
3932 1725 22 22 =
4133 1698 1411 84 rr
6108 1694 121 39 dA
6406 1670 183 137 HÌ,
6849 1685 172 82 Bell'
7028 1686 317 154 Ajacciu.
7361 1694 92 62 ei
7496 1688 451 153 Sanguinari.

776 1768 5 4 .
1889 1781 23 15 41:
2114 1793 2 2 _
2233 1758 172 43 [seau
2450 1741 16 60 !
2512 1741 172 62 mais
2748 1741 168 63 c'est
2958 1763 133 43 une
3140 1744 336 63 véritable
3517 1746 141 63 for-
3654 1737 57 85 |
3710 1737 44 85 :
3932 1756 36 92 DI
4157 1758 444 76 UP
4718 1789 20 23 E
5077 1747 219 81 Pd
5584 1751 111 81 —#
6316 1827 28 10 _
6511 1820 76 21 —t

815 1787 341 58 Personne
1177 1806 33 37 n
1232 1785 127 72 ign
1364 1778 140 157 Ore]
1530 1778 262 157 Énergie
1828 1776 240 155 deploy
2077 1777 36 140 ~e
2205 1818 194 84 tune
2436 1840 17 61 !
2485 1838 90 64 Et
2611 1837 296 68 certains
2947 1843 87 63 de
3070 1864 128 44 nos
3238 1847 419 83 compatrio-
3715 1843 6 4 ]
3766 1860 152 70 _-
4124 1819 45 31 °
4424 1835 45 12 see
5069 1822 76 48 r
6355 1959 14 22 |
6406 1815 190 171 n
6822 1904 7 9 '
6842 1829 431 149 Quand'ellu
7297 1861 188 123 parti
7524 1861 265 140 l'istati,
8116 1887 10 8 |

739 1878 203 72 Patre
964 1896 88 129 Se
1082 1881 395 163 paludisme
1515 1880 170 160 dont
1698 1886 136 152 Mes
1846 1886 292 152 méfaits
2232 1947 102 51 tes
2409 1939 135 79 que
2622 1941 67 61 la
2760 1941 318 64 moindre
3186 1953 391 55 nouveauté
3615 1966 39 42 a
3655 1931 59 115 |
3737 1935 224 96 tu:
4016 2012 5 9 .
4063 1965 114 53 An
4232 1995 35 12 -
4298 1980 108 41 cu..
4486 1967 81 65 la,
4797 1971 122 48 not
4945 1995 34 11 -
5053 1968 122 49 tel
5282 1994 25 10 -
5420 1965 108 68 lu
5612 1965 166 50 rn-
5835 1976 110 38 me
5994 1974 158 39 -na
6291 1959 291 66 lario
6844 1998 68 60 A
6945 1999 65 59 la
7036 1995 416 102 muntagna,
7430 1983 79 118 a
7490 1994 143 102 lu
7656 1989 308 108 frescu,

732 1965 426 174 s'exercaiene
1163 1965 145 174 sur
1337 1986 87 128 la
1498 2052 225 61 moitié
1774 2051 88 56 de
1921 2051 66 55 la
2037 2023 256 99 pé-[le
2366 2034 147 64 don
2609 2038 429 65 d’émouvoir
3099 2051 268 75 partent
3437 2044 85 116 de
3589 2045 53 63 là
3972 2118 145 60 UA
4328 2119 4 7 |
6464 2088 117 99 _,
6818 2086 247 86 Sonu
7077 2087 187 79 corti
7302 2101 53 62 li
7388 2089 220 78 sirati.

731 2150 308 70 ninsule
980 2126 71 105 ;
1073 2160 69 47 et
1168 2149 252 78 chacun
1444 2147 143 67 sait,
1604 2144 206 67 aussi,
1836 2130 91 69 de
1955 2139 188 73 quels
2170 2126 54 105 [
2225 2153 181 64 pour
2459 2144 253 55 lresier
2798 2138 121 63 des
3004 2160 386 59 couronnes
3473 2165 39 40 à
3552 2143 92 64 M.
3892 2147 16 61 it
4424 2185 66 83 E
6787 2253 6 7 _
6842 2194 235 67 E1'ori
7109 2216 309 64 passanu
7447 2211 243 75 prestu

729 2191 303 127 résultats
1060 2254 123 46 ont
1225 2223 104 76 été
1356 2239 367 60 couronnés
1749 2251 115 41 ces
1891 2232 246 59 èfforts.
2224 2233 366 95 Fontainé,
2634 2258 173 62 pour
2844 2238 63 62 le
2945 2242 278 61 couvrir
3276 2243 101 62 de
3409 2242 233 79 fleurs,
3749 2216 206 151 ==
4156 2261 158 108 —Y
4250 2235 59 116 LE
4405 2275 57 24 =
6842 2296 367 67 Cantendu
7233 2303 66 60 la
7321 2302 295 67 sirinata

806 2332 248 60 L'Italie
1099 2345 106 47 est
1256 2329 402 83 aujourd’hui
1706 2330 40 55 à
1801 2345 134 53 peu
1990 2324 150 71 près
2145 2320 53 104 |
2221 2334 203 63 louer
2492 2356 81 44 sa
2610 2356 285 64 sagesse
2965 2349 69 54 et
3059 2362 80 42 sa
3176 2339 461 93 prévoyance.
3790 2412 113 53 “le
3949 2413 221 55 #SH-
4230 2414 92 52 da
5207 2411 18 19 »
6837 2402 68 62 A
6938 2399 224 67 l'isula
7188 2404 421 81 parfumata.

727 2427 42 56 à
820 2425 184 57 l'abri
1061 2424 109 59 de
1202 2443 77 38 ce
1327 2423 179 58 triste
1554 2419 171 59 fléau
1751 2425 87 52 et
1873 2418 119 57 des
2019 2420 119 57 mi-
2305 2414 141 87 De:
2405 2415 253 138 grace,
2695 2459 300 64 prenons
3019 2451 92 54 uri
3170 2462 130 64 peu
3337 2443 68 62 la
3440 2446 205 83 peine
3813 2452 111 29 te,
4386 2528 112 12 __
4539 2463 154 21 Sot
5205 2459 212 21 sAPUI
7272 2544 25 42 |

731 2516 152 59 liers
936 2516 397 69 d'hectares,
1406 2515 139 64 hier
1593 2509 278 91 encore.
1894 2509 244 91 insalu-
2137 2509 62 91 |
2218 2533 87 63 44
2396 2532 382 83 raisonner,
2851 2540 422 66 d'examiner
3316 2543 67 64 la
3422 2544 221 65 chose
3851 2624 48 23 _
4116 2604 36 42 __
4426 2548 170 65 ICT
4905 2631 5 3 |
6833 2603 342 69 Bastelica
7208 2592 71 80 lu
7299 2593 315 86 cunosci

733 2599 170 78 bres,
958 2621 158 45 sont
1161 2610 40 56 à
1246 2610 269 69 présent
1557 2605 323 105 livrés
1781 2595 84 125 à
1913 2606 225 58 lacul-|
2454 2657 176 65 sang
2706 2638 204 65 froid
2951 2662 166 45 sans
3161 2664 174 45 nous
3391 2645 252 64 laisser
3867 2640 52 102 I—
4133 2691 27 45 is
4346 2449 724 310 DES
6831 2706 52 64 E
6909 2706 295 69 Vivariu
7245 2693 214 87 l'ama
7486 2719 207 76 assai:

721 2708 145 48 ture
915 2710 67 48 et
1022 2699 424 74 contribuent
1486 2700 38 56 à
1550 2696 293 80 enrichir
1865 2692 81 159 10
1974 2692 117 159 pay
2103 2717 454 103 °|aveugler
2683 2761 126 63 par
2939 2743 490 68 l'admiration.
3537 2745 121 65 La|
4114 2745 32 51 7
4494 2738 821 100 DS
6830 2811 76 62 A
6920 2810 186 82 jenti
7154 2813 112 65 chi
7307 2817 74 64 di
7403 2816 261 70 l’amici

729 2791 161 58 vi
917 2793 117 56 de
1059 2786 304 215 intesque
1381 2809 234 176 effri,
1632 2807 90 169 d'
1720 2802 230 187 autant
1962 2807 160 178 plus
2216 2834 434 90 Compagnie
2676 2843 115 82 qui
2819 2843 312 84 exploite
3156 2854 195 56 notre
3391 2844 279 68 réseau
3650 2830 47 137 |
3716 2869 187 74 to
3956 2900 44 39 ;-
4054 2874 94 51 re
4326 2886 136 53 îve
4521 2901 24 10 -
4594 2887 41 38 e
4672 2901 33 12 -
4767 2875 59 66 je
5001 2886 38 39 Te
5091 2901 25 10 -
5147 2870 162 70 ghia
5362 2871 74 52 in
6788 2900 201 134 Nun,
6994 2913 70 86 si
7101 2916 431 116 sminticanu
7567 2918 167 72 mai.

723 2882 315 151 merce
1047 2893 309 153 ma
1391 2901 264 145 (pr
1711 2990 139 38 ane
1904 2902 224 128 aio
2212 2937 109 113 [na
2358 2958 138 63 pae
2521 2938 406 116 ubi,
2975 2954 155 54 tout
3183 2947 62 63 le
3241 2947 293 115 monde
3560 2948 77 120 le
4219 3020 179 65 —
6826 3011 177 68 Col
7041 3008 58 72 Si
7135 3034 156 49 ivi
7345 3021 46 64 n
7427 3039 382 71 cuccagna

721 3067 160 57 dont
921 3042 98 82 les
1156 2976 84 162 a
1245 3056 152 67 débe
1450 3059 386 85 financièrès
1868 3018 259 129 parais-
2212 3044 160 70 sait,
2419 3039 86 64 de
2543 3060 71 82 se
2656 3038 131 110 livr
2789 3064 76 93 er
2893 3051 39 105 à
2963 3052 124 57 des
3127 3046 167 66 frais
3336 3044 294 123 inutiles
3773 3092 238 82 ak
4205 3092 238 82 PT
6824 3109 288 146 Sempre
7135 3079 200 122 bevi,
7337 3104 228 152 canta
7619 3135 39 128 è
7679 3112 258 169 magnà.

715 3169 147 48 sent
883 3165 186 51 assez
1123 3152 394 73 restreintes,
1556 3175 44 40 a
1633 3146 108 78 été
1797 3154 335 74 éloquem-
2135 3130 56 111 |
2210 3158 181 79 pour
2426 3139 66 63 le
2528 3143 148 61 seul
2722 3143 245 84 plaisir
2995 3146 86 65 de
3125 3149 348 64 recueillir
3511 3148 121 65 des
3932 3182 71 77 sl
4358 3181 58 71 x

716 3263 182 46 ment
949 3252 381 58 commenté
1398 3268 115 53 par
1551 3250 62 56 la
1667 3266 234 53 presse
1927 3236 224 70 mon-
2128 3232 51 100 |
2202 3237 250 86 éloges
2491 3250 69 54 et
2595 3241 120 65 des
2736 3246 700 82 applaudissements.
3471 3248 163 65 Elle
4219 3312 98 49 Cu
6825 3327 194 81 Porta
7039 3333 79 76 lu
7151 3340 332 91 cappellu
7519 3341 260 79 biancu

657 3357 8 6 '
715 3341 170 59 diale
910 3354 84 57 et,
1021 3345 436 65 récemment,
1494 3339 233 60 attesté
1755 3347 168 51 avec
1948 3338 179 61 force
2123 3334 66 98 |
2208 3348 108 55 est
2338 3340 274 65 comme
2640 3342 354 86 d’ailleurs
3030 3356 224 57 toutes
3278 3349 99 66 les
3406 3351 229 64 socié-
3881 3348 188 54 Bat-
4165 3353 125 48 -tin
4443 3350 123 52 “co
6809 3399 70 118 E
6899 3437 65 71 la
6985 3438 213 76 vesta
7217 3437 72 79 di
7322 3418 309 117 Pelonu;

713 3453 119 51 par
882 3433 117 59 des
1044 3432 346 65 sommités
1450 3432 357 59 médicales
1868 3442 69 48 et
2010 3432 116 58 des
2180 3446 132 87 tés
2375 3439 433 81 financières,
2855 3466 165 45 sans
3076 3469 187 45 cœur
3305 3459 70 55 et
3465 3471 165 45 sans
4384 3543 17 18 .
6820 3540 92 71 La
6959 3535 304 90 Faccia
7201 3524 70 105 è
7289 3551 176 70 d'un
7498 3543 170 110 òmu
7705 3548 282 113 franci,

712 3524 405 74 hygiénistes
1150 3537 118 46 en
1340 3535 220 67 renom
1588 3524 140 72 qui,
1793 3531 159 52 sous
2028 3525 98 58 les
2130 3521 55 107 |
2203 3542 207 82 yeux.
2439 3541 175 78 Rien
2637 3565 86 44 ne
2744 3544 303 83 l’émeut,
3073 3570 112 44 ses
3207 3563 286 73 propres
3523 3555 108 61 in-
3639 3540 68 100 |
3751 3548 148 87 _CN
4295 3602 102 59 ———
6819 3641 99 75 La
6933 3639 266 93 statura
7223 3657 173 92 d'un
7436 3651 176 77 Sans

711 3618 298 73 auspices
1066 3618 88 58 dè
1232 3616 62 58 la
1332 3615 250 83 Société
1626 3617 120 58 des
1789 3612 330 118 Nations,
2206 3648 237 71 térêts,
2486 3654 344 75 exceptés.
2849 3603 79 130 Le
3003 3651 114 63 seul
3145 3649 185 67 désir
3332 3621 69 121 de
3433 3654 193 84 plai-
3720 3632 214 102 —F
3945 3696 91 30 =
4036 3635 63 99 =
4257 3652 184 83 nr
4495 3653 13 82 —I
5502 3645 121 160 iJ
6049 3703 156 73 —
6790 3736 77 80 I
7153 3744 47 81 àu
7268 3757 76 69 a
7528 3671 48 71 n
7618 3657 172 109 onu,

909 3710 483 149 pare
1434 3708 110 58 de
1595 3718 226 60 vastes
1893 3707 230 60 études
2115 3703 58 171 |
2204 3763 76 42 re
2342 3764 141 44 aux
2506 3735 412 98 voyageurs,
2955 3749 86 65 de
3095 3751 153 65 leur
3290 3775 336 64 procurer
3626 3703 58 171 |
4032 3742 139 157 Tut
4280 3743 144 157 vin
4661 3847 31 52 fes
4852 3835 86 65 cts
5301 3841 98 56 Fa
5447 3793 71 139 -
5552 3854 77 41 ce
5742 3854 88 42 an
5864 3793 152 139 -.
6086 3839 87 53 dà
6807 3769 304 217 Questu
7111 3776 43 151 i
7155 3741 128 235 Orma
7327 3747 78 185 è
7425 3749 418 215 Mail.
8128 3856 22 16 |

1191 3819 186 41 Isme.
2141 3829 8 7 À
2223 3823 31 61 ri
3777 3872 28 13 -
3932 3885 13 11 .
4089 3861 50 38 ut
4222 3850 66 39 «7
4692 3860 77 39 es
4811 3873 43 20 =.
5465 3873 25 9 -
5891 3870 34 12 -
6177 3880 13 13 .

753 3797 312 172 Chacun
1096 3817 157 161 saît
1279 3817 200 161 cela,
1535 3895 451 74 disons-nous,
2058 3905 66 49 et
2205 3863 90 42 un
2319 3860 135 119 peu
2491 3842 144 136 plus
2684 3849 75 114 de
2822 3870 122 93 con
2957 3847 318 138 fortable,
3328 3855 88 65 ce
3431 3851 185 175 mer
3853 3847 74 111 a
4154 3942 9 21 iu
4349 3936 508 53 iii
7474 3960 128 118 U
7618 3949 414 155 Muràtoré;
8039 3975 62 125 "

708 4003 89 38 un
824 3964 215 105 doute
1091 3987 48 56 à
1187 4004 75 39 ce
1318 3983 168 74 sujet
1559 4005 176 69 nous
1786 3985 339 77 paraîtrait
2196 3952 139 55 tre-
2363 3952 42 57 à
2450 3948 153 111 leur
2631 3944 165 123 disp
2813 3962 255 56 osition
3108 3975 81 93 un
3253 3976 161 67 moy
3416 3978 94 93 en
3590 3980 38 43 e
3737 3979 144 104 12.
4275 4030 75 59 UA
4530 4039 1 49 I
4551 4044 272 51 mma
5152 4051 52 28 n
6914 4080 17 9 -
7232 4114 9 4 |
7428 4104 53 40 Si

708 4060 168 89 pour
921 4075 66 58 le
1032 4077 225 59 moins
1329 4064 360 73 téméraire.
2200 4041 432 125 locomotion
2689 4051 193 113 plus
2972 4056 242 105 rapide
3281 4057 104 64 la:
3411 4053 216 122 laisse
3811 4144 45 31 —
4110 4111 703 75 ade
5171 4097 64 111 È
7146 4146 492 169 =
7678 4141 300 84 RESERO

779 4167 211 59 Même
1046 4174 89 53 en
1178 4165 390 64 raisonnant
1609 4190 121 53 par
1772 4170 348 68 l'absurde
2112 4143 72 107 |
2192 4147 399 64 tout-à-fait
2678 4147 441 124 indifférente.
3172 4257 13 12 |
3218 4154 93 68 Ce
3374 4180 120 63 qui
3557 4160 97 98 la
3634 4156 72 108 |
3719 4190 271 25 3
4095 4194 112 106 D
4305 4190 510 97 ATA
7295 4244 116 40 et

699 4281 87 41 on
838 4279 82 40 ne
972 4245 163 91 peut
1180 4264 143 58 nier
1368 4254 375 69 l'évidence.
2199 4253 420 82 préoccupe,
2670 4271 76 44 ce
2803 4273 118 64 qui
2962 4254 68 66 la
3094 4255 130 67 fait
3299 4261 328 64 marcher
3902 4317 96 55 Fa
4046 4339 27 19 -
4142 4333 86 40 ce
4281 4289 149 87 an.
4461 4280 82 81 -
4645 4318 108 56 dà.
6660 4339 2 20 |
6722 4309 65 184 U
6856 4251 74 239 S
7647 4295 68 208 $

774 4354 283 63 Erreur!
1114 4362 165 56 c’est
1349 4376 165 41 nous
1533 4335 149 116 qui
1734 4369 215 48 avons
1989 4368 133 49 tort
2123 4335 39 116 |
2210 4349 174 63 e’est
2453 4370 129 45 son
2654 4341 252 79 intérét
2967 4365 69 56 et
3078 4359 166 77 rien
3320 4382 136 65 que
3492 4382 134 45 son
4317 4382 71 55 Dn
6923 4363 251 139 carpu
7242 4366 248 130 vinci
7517 4339 109 193 u
7722 4360 380 200 ciarrettu

704 4461 66 47 et
793 4468 75 40 ce
893 4461 155 47 sont
1069 4452 105 65 les
1220 4451 317 59 docteurs.
2196 4449 283 88 intérét.
2524 4436 181 83 C'est
2740 4455 159 68 bien
2966 4478 79 45 ce
3081 4461 151 64 seul
3259 4471 70 56 et
3365 4457 255 97 unique
5742 4458 393 170 Rituriselli
7488 4554 244 42 i:

6793 4577 447 119 Truvendumi
7304 4592 85 91 in.
7416 4572 134 110 cità
7589 4609 138 103 per
7726 4609 70 103 .
7813 4574 280 140 compre,

6710 4697 338 80 scuntredi
7100 4717 101 58 un
7215 4677 326 110 Aiaccinu
7596 4700 196 96 cume
7843 4706 115 76 mè
7997 4705 112 101 chi.

6706 4789 59 61 si
6807 4773 257 81 chiama
7114 4773 402 116 Sciarrettù,
7585 4800 72 63 in
7719 4799 386 95 cunipagnia

6704 4875 145 71 d'un
6865 4870 511 133 altr'Aîaccinu,
7426 4893 271 92 Nunziu
7762 4886 321 100 Bastelica,

6706 4964 145 119 dittu
6915 4965 230 98 Rullè,
7188 4973 380 107 imprisariù
7589 4985 405 113 mazzacani.
8018 5003 35 70 |

6749 5073 221 78 Dòpu
7013 5097 38 41 a
7095 5078 238 79 strinta
7367 5082 98 63 di
7477 5094 204 55 manu
7708 5089 113 62 d’u
7779 5086 146 79 usu,
7946 5093 156 66 l'im-

6699 5167 160 62 bitai
6911 5174 189 61 tutt'e
7150 5174 139 62 dui
7312 5189 74 49 a
7427 5178 146 64 beié
7638 5188 111 65 un’
7781 5181 382 82 bicchieré
8117 5172 48 95 >

6668 5263 263 75 in.un
6957 5266 174 71 caffè
7165 5269 269 75 vicinu.
7449 5272 257 65 Strada
7753 5274 397 98 facendu
8102 5270 54 106 |

6694 5357 167 88 sgiò
6869 5358 374 67 Sciarreftu
7273 5366 101 73 mi
7418 5367 181 64 disse
7614 5371 117 91 chi
7743 5393 116 55 pa
7853 5365 130 72 ‘sta
7990 5377 156 81 cit:

6664 5447 94 68 tà
6808 5456 216 66 curria
7049 5478 55 41 a:
7145 5478 169 45 voce
7351 5461 215 83 ch'èîu
7609 5458 146 72 -eru
7726 5599 8 5 3
7777 5469 264 128 divinta

6692 5552 211 69 fontu.
6888 5596 65 17 200
7024 5623 7 4 |
7934 5606 18 16 "

6718 5700 27 6 .
6764 5630 342 96 Rispondii
7127 5669 40 42 a
7191 5660 122 68 stu
7328 5593 230 140 bravu
7567 5629 220 112 amicu
7819 5625 90 116 chi
7959 5624 111 116 ton:
8102 5622 20 101 -

6647 5696 85 126 ti
6777 5759 201 51 come
6994 5746 120 58 mè
7132 5743 59 61 ci
7240 5746 116 78 n'è
7380 5749 232 88 assaie
7655 5752 141 92 più
7812 5752 72 77 in
7876 5732 212 115 Aiac-

6684 5832 254 76 ciu,ma.
6961 5836 105 70 chi
7084 5826 249 94 l'astuti
7330 5830 213 102 come
7552 5828 149 111 ellu
7721 5837 73 108 sò
7818 5826 250 183 piuttos;
8083 5837 59 168 :

6658 5938 97 56 tu
6789 5924 166 68 rari.
6985 5909 253 84 Tutt'u
7247 5918 281 78 mondu
7550 5928 119 88 quì
7696 5942 77 60 sà
7813 5930 118 89 chi
7940 5964 104 59 pe

6687 6010 123 73 avè
6830 6043 130 40 una
6984 6021 235 106 ligusta
7238 6029 66 90 ci
7330 6030 134 61 vòli
7483 6025 52 68 a:
7528 6034 195 77 prigà
7739 5964 334 174 Santu
8073 5966 61 173 ~

6509 6162 56 41 ..
6661 6186 5 7 |
6679 6116 148 61 tinu
6853 6137 40 41 o
6906 6117 177 74 falla
7090 6108 169 76 verie
7260 6116 105 81 da
7392 6112 411 101 Marseglia
7729 6104 57 113 ;
7824 6128 69 65 è;
7871 6127 203 115 grazia
8085 6130 57 112 À

6241 6218 29 36 u
6585 6212 211 79 (au
6837 6212 156 86 sgiò
7019 6207 410 72 Sciarréttu
7449 6211 127 90 chi
7590 6243 49 40 e
7643 6202 297 132 'mbarcà
7955 6231 156 80 tait.

6677 6299 69 64 te
6780 6307 85 74 pà
6907 6326 108 41 su
7037 6309 407 66 cuntinénte.
7523 6322 101 34 ~~
7708 6308 57 48 ::
7975 6306 135 105 PIT:

8102 6316 15 12 a
8080 6274 37 30 Vi
8112 6264 3 1 ‘

8101 6182 41 171 DEEE

8081 6381 55 76 ex
8114 6370 20 10 y

6757 6399 60 61 U
6858 6409 247 69 :scarpu
7158 6401 242 87 un'ha
7367 6395 49 97 :
7420 6399 215 74 vintu
7640 6432 44 50 u
7714 6401 388 127 sciarretté;;

6679 6486 130 65 chi
6831 6515 96 39 ne
6955 6495 179 109 ditte,
7164 6519 41 40 o
7263 6482 148 95 sgiò
7456 6504 368 65 direttore?
7911 6527 76 29 :
8040 6513 96 84 A

7328 6594 188 77 tai
7957 6631 8 7 .
7974 6598 150 95 LS

6755 6682 95 61 Pa
6899 6703 76 40 a
6997 6696 206 60 stessa
7272 6692 372 75 occasione,
7661 6688 217 86 pregu
7909 6721 17 38 i
7932 6648 135 143 diè
8071 6672 46 114 È
8100 6710 64 27 Æ

6676 6774 430 82 tintiCavresi
7163 6782 157 84 chi
7338 6785 61 60 si
7435 6783 100 80 sd
7534 6793 299 87 "purgati
7838 6792 98 83 di.
7942 6786 181 109 CE

6678 6872 89 82 cà
6806 6872 146 73 altri
6991 6847 174 122 lòghi
7213 6899 78 41 ca
7338 6901 77 68 u.
7432 6882 248 90 chiosu
7736 6878 100 98 di.
7825 6908 148 71 «me,
7949 6878 131 132 Ziu
8092 6878 66 132 SE

6677 6951 107 87 pa
6810 6966 170 74 andà
7020 6979 44 53 à
7099 6958 81 87 fà
7214 6965 94 69 di
7338 6962 295 112 corpu...
7800 7046 6 5 ,

6749 7043 284 97 Almenu
7099 7042 90 86 ch
7189 7056 134 107 'elli
7369 7093 88 53 un
7513 7066 260 105 voglinu
7819 7026 144 154 ché
7985 7007 94 178 di

6679 7133 398 102 fabrichéghj
7147 7151 155 74 una
7343 7163 288 67 latrina
7610 7192 71 39 in
7712 7156 207 92 Tegnu
7918 7152 51 101 :
8000 7163 125 103 pa;

6677 7245 261 65 st'affari
6988 7255 296 64 un'hanu
7315 7260 125 62 che
7479 7283 39 41 a
7535 7277 208 50 mette
7793 7277 40 52 à
7885 7263 214 95 manu:

6676 7360 38 45 a
6755 7362 44 39 u
6835 7343 293 72 bursellu
7166 7362 73 59 é
7289 7352 341 82 fallassine
7682 7362 73 73 in
7765 7334 332 147 Aiaccit:”

6678 7454 95 41 nu
6832 7457 106 43 me
6989 7461 465 69 magazenu...'
8024 7501 72 49 HE

7311 7529 50 54 #
7356 7541 95 104 Ad
7982 7527 135 91 ME
8153 7590 6 7 È

8089 7088 30 145 AXEL
8072 6931 49 91 UT.

7905 7038 220 223 Din

8093 7329 31 56 SP

6693 7617 131 124 "Li
6853 7587 450 160 pudaräghin,
7307 7599 168 142 dinò.
7497 7632 116 96 al
7631 7654 248 87 istessu
7909 7646 247 105 tem:
8078 7642 39 113 À

6646 7763 152 55 -pu,.
6821 7753 204 57 zuccà
7048 7771 131 44 una
7198 7766 195 65 porta
7418 7779 84 55 pa
7527 7761 356 86 rimpiazzà
7915 7730 160 134 quil:
8079 7762 73 58 dl

6669 7838 64 73 la
6808 7841 67 59 di
6917 7862 40 42 a
6993 7854 103 52 so
7116 7850 182 61 scòla
7352 7846 419 108 communale
7822 7845 174 83 ch'è.
7996 7850 104 91 inô

6668 7935 251 99 pezzi..,
6976 7959 37 42 e
7018 7942 115 60 sti
7169 7944 196 75 pezzi
7374 7938 82 92 in
7483 7939 205 80 tantu
7716 7951 54 61 i.
7769 7922 338 136 pudaria"

6670 8030 115 67 nu
6825 8028 65 62 fà
6937 8035 236 90 "caccià
7221 8057 160 61 par.
7404 8022 82 79 ch'
7504 8042 206 94 ell'un
7761 8045 99 94 si:
7846 8028 307 192 sa

6670 8117 180 84 pinu
6857 8123 23 73 i
6907 8118 172 112 corci
7121 8115 329 104 sculari...
7485 8132 37 29 ~

7560 8172 519 209 Scarponi.)

7965 8316 130 200 doi

7647 8451 16 6 -
7702 8454 9 6 «
7855 8436 19 35 a~
7932 8449 4 3 :
7991 8448 18 17 a

7764 8464 4 3 .
8048 8460 45 50 ~U

6730 8791 327 130 Dunque,
7073 8835 43 60 Ô
7159 8790 245 134 Merti,
7406 8820 126 94 fra
7559 8809 174 126 pocu
7751 8795 72 111 À
7833 8803 91 101 ne
7927 8791 171 134 pali

6729 8924 62 58 À
6809 8914 415 92 sparghiela
7244 8925 69 65 to
7328 8919 212 100 tenda
7540 8929 4 6 i
7566 8957 75 41 in
7654 8917 412 107 Castellaréi

6692 9002 100 80 «A
6821 9015 301 66 l'ombra
7130 9021 84 62 di
7243 9017 70 67 li
7301 9012 174 87 pini
7491 9017 146 74 e:di
7647 9032 64 61 li
7726 9023 131 101 fai.
7887 9062 38 21 È
7996 9024 73 113 37
8081 9050 14 19 3

6728 9105 362 83 Preferisci
7102 9121 57 60 li
7185 9117 127 79 siti
7329 9147 54 38 a
7394 9130 250 71 rembu
7658 9153 53 55 a
7730 9131 219 80 mare.
7998 9154 30 44 ;
8041 9131 38 88 5

6711 9207 201 80 Mira
6929 9212 113 68 chi
7065 9222 112 51 sta
7195 9225 401 74 partanza
7591 9227 62 72 è.
7677 9226 75 79 la
7790 9206 283 122 cagione:

6698 9387 2 2 |
6721 9296 106 95 Di
6828 9277 226 149 fammi
7078 9299 223 125 perde
7317 9302 221 124 tempu
7572 9332 49 72 q
7621 9315 80 115 fa
7729 9310 323 128 canzone
8074 9276 23 69 i

8057 9052 16 41 1

7891 9425 26 14 ‘—
7941 9427 12 12 4

6722 9410 298 118 Casinca
7036 9470 82 58 di
7137 9471 78 56 la
7261 9479 196 51 costa
7504 9423 354 122 orientale,
7941 9428 51 123 -
8011 9508 28 43 "i
8040 9420 91 155 +

6725 9555 137 76 Un
6863 9557 378 84 giardinu
7244 9549 167 84 cusì
7420 9559 189 76 bellu
7626 9583 42 40 e
7659 9572 359 94 bumposu
8029 9569 61 103 ls

6635 9704 7 21 _
6691 9626 207 75 Sidi
6958 9627 469 95 bonissim'òra
7469 9646 301 95 sparghj
7782 9649 196 83 l'ale
8005 9667 84 77 À

6633 9734 31 24 -
6723 9720 348 74 Puderisti
7126 9730 313 95 lampati
7441 9764 49 42 a
7513 9748 77 62 lu
7572 9739 378 142 Pietrosu,
7963 9745 43 108 !
7962 9739 120 95 è

6722 9820 284 64 Paisolu
7031 9835 132 65 per
7197 9833 80 57 tè
7298 9848 222 55 senza
7533 9838 386 88 pariglia.
8031 9850 48 47 à

6720 9912 80 84 In
6854 9903 175 136 duve
7046 9927 72 110 tu
7163 9929 291 115 nascisti
7455 9930 160 151 per
7639 9945 84 121 fà
7736 9897 333 179 invigliàà
8030 9910 31 129 si

7983 10084 34 43 i

6631 10121 54 83 5
6717 10037 338 158 Rustincu
7055 10078 99 132 di
7178 10078 229 138 Loreto
7449 10123 83 108 un
7559 10109 68 116 è
7732 10076 140 153 tar
7968 10072 81 158 >

6716 10203 72 60 E
6809 10197 218 83 pensu
7075 10198 246 89 ch'ellu
7355 10231 106 65 sia
7508 10233 96 70 un
7613 10216 436 118 cunfratelli,

6723 10297 300 80 Quandu
7050 10312 58 61 li
7117 10319 226 69 primi
7344 10324 163 73 fiori
7523 10318 525 91 spianterariii,'$

6629 10323 154 164 Chì
6783 10395 92 66 di
6884 10416 305 62 sumente
7215 10422 249 62 strana
7476 10421 201 91 pare:
7695 10411 314 98 anch'elli
8013 10405 37 57 à

6681 10483 372 85 _Armerete
7088 10509 312 67 canzone
7444 10538 90 67 cu
7549 10524 412 90 paghielle~,
7994 10532 59 42 -;

6708 10578 148 66 Per
6866 10588 295 97 rallegrà
7193 10601 75 62 lu
7285 10607 116 61 còr
7423 10612 71 117 di
7515 10599 68 115 le
7606 10601 276 122 zitelle.
7941 10567 95 140 È
7971 10576 86 172 d

6667 10687 143 139 Di
6824 10715 253 95 vedeti,
7095 10747 42 58 ò
7160 10705 216 132 Merti,
7409 10726 176 119 seria
7614 10718 352 140 cuntentu,

6711 10817 107 96 Ur'
6830 10813 303 111 affacata
7156 10826 248 109 prestu
7440 10852 100 63 mi
7555 10847 347 104 feraghiu,
7985 10880 62 82 4

6700 10907 128 74 Ma
6832 10917 132 80 ber
6988 10934 141 61 avà
7173 10936 63 61 ti
7246 10937 214 95 jurgu
7491 10967 147 44 nun
7664 10962 94 51 mi
7747 10952 17 16 i
7772 10929 230 108 senta”:
8026 10959 73 78 E

6706 11012 270 84 Capace
7002 11026 83 61 di
7101 11025 194 82 legà
7305 11035 76 61 lu
7396 11037 438 83 fuculaghiu.
7937 11015 61 80 DA
8033 11041 64 80 i

6671 11106 249 89 _Dòpu.
6936 11124 412 68 quanduli
7295 11135 200 76 jorni
7508 11128 539 93 allungherarità

6700 11201 84 95 Ti
6786 11214 344 92 Prumettu
7144 11219 87 61 di
7241 11240 192 56 vene,
7451 11248 48 40 u
7514 11233 141 60 miò
7649 11200 391 172 fasgiani

2807 11194 266 66 Pierre
3106 11189 338 88 lenottis.

4605 11256 71 65 U
4708 11260 249 71 Prete.
7134 11305 439 113 Ghiuvanni
7620 11308 381 141 Olivieri...

6708 11385 367 101 Decembre
7126 11403 189 87 1924.
7957 11476 11 24 .
7984 11392 63 122 E

698 11214 391 83 Napoléon
1125 11218 46 60 à
1213 11087 251 204 Sainte
1481 11087 335 204 Fiiline.
5109 11237 148 49 son
5288 11225 360 92 distingué
5642 11199 739 162 Directeur-Gérant,
6391 11203 152 146 An.
6618 11241 8 7 |

5123 11324 195 67 toine
5365 11324 266 101 Piaggi.
