8023 6998
448 158 84 83 —1r
580 158 3618 83 r__r_r__l1r——_—___rrrt1__rrrrrrrrrrrrrrrrrrrrrrr_rLrLr1111r____r_'__
4197 158 3432 83 u_________________——————_——#—_—14114—_++_+—+—+#7#+#—##—7=++7—#+©<7T<-<=<«=7TT..r————
7683 158 77 83 zdÌ—.

800 350 1231 146 GIURNALI
2147 353 757 146 CORSI

472 734 295 63 L'Eveil
801 733 96 64 de
945 734 73 61 la
1081 731 217 63 Corse
1329 765 86 11 —
1459 748 254 63 1-2-25.

499 868 558 70 CHRONIQUE
1095 863 603 67 AJACCIENNE

469 1227 67 13 ...
567 1182 97 58 De
705 1198 111 39 ces
886 1176 162 58 trois
1093 1173 233 73 pièces,
1381 1170 66 55 la
1497 1166 307 58 dernière

383 1275 185 58 seule
595 1271 117 59 fait
738 1270 138 58 rire
907 1289 18 47 ;
957 1268 61 57 la
1063 1263 316 74 première
1426 1267 105 50 est
1556 1257 187 58 triste
1779 1274 18 49 ;

380 1367 65 57 la
474 1364 344 58 deuxième
847 1370 102 47 est
974 1363 329 51 navrante.

461 1474 90 56 Le
574 1469 207 75 grand
810 1466 210 58 talént
1057 1463 113 58 des
1214 1460 255 59 artistes
1516 1457 121 71 qui
1690 1456 110 57 dé-

379 1564 272 58 fendent
673 1558 168 59 Mor:
869 1558 286 58 Homme
1171 1555 171 55 n'est
1367 1566 122 55 pas
1535 1565 86 39 en
1650 1563 147 39 cau-

379 1675 74 39 se
485 1676 15 35 :
530 1654 45 57 il
602 1652 138 59 faut
767 1671 86 37 en
884 1648 205 66 avoir,
1136 1644 86 57 du
1248 1647 192 60 reste,
1481 1638 313 58 davanta-

376 1769 86 54 ge
487 1766 163 56 pour
670 1745 198 73 jouer
894 1760 135 41 une
1053 1734 331 63 mauvaise
1415 1729 212 75 pièce,
1664 1747 130 54 que

376 1861 171 52 pour
574 1859 80 39 en
673 1837 203 72 jouer
902 1851 132 41 une
1062 1833 232 55 bonne.
1325 1824 169 57 Mais
1522 1823 66 55 la
1607 1820 181 72 pièce

377 1942 105 48 est
506 1926 337 62 mauvaise
870 1927 40 55 à
938 1934 149 48 tous
1113 1919 92 57 les
1231 1915 218 72 points
1496 1910 88 58 de
1638 1928 146 38 vue.

454 2039 137 58 Elle
641 2047 118 53 est,
821 2029 289 66 d’abord,
1150 2015 578 68 invraisemblable
1767 2036 15 36 :

373 2135 158 56 c’est
556 2150 118 38 son
704 2126 307 60 moindre
1037 2117 236 61 défaut.

452 2245 92 57 Ce
570 2240 112 74 qui
710 2235 256 61 révolte
979 2223 435 72 surtout,c'est
1433 2228 175 51 cette
1634 2235 152 53 apo-

368 2336 175 72 logie
571 2333 79 57 de
675 2326 305 76 l’apache
1008 2342 16 38 :
1055 2322 91 57 les
1189 2326 262 48 auteurs
1501 2329 86 38 en
1642 2302 112 84 font

367 2446 139 40 une
530 2433 173 50 sorte
731 2422 86 57 de
845 2413 325 63 chevalier
1197 2409 85 57 du
1309 2402 212 67 surin,
1548 2409 66 48 et
1643 2397 139 59 s’ef-

367 2519 254 58 forcent
637 2515 83 57 de
749 2528 174 43 nous
951 2509 60 57 le
1039 2502 231 62 rendre
1313 2490 468 78 sympathique

367 2629 196 54 parce
589 2605 275 74 qu’ilest
891 2595 288 67 costaud,
1195 2589 201 76 qu'ila
1418 2604 139 40 une
1577 2577 196 114 «belle

363 2700 288 75 gueule»
699 2697 84 58 de
838 2695 211 64 brute,
1141 2683 150 75 qu'il.
1381 2696 88 42 ne
1550 2669 225 119 résiste

365 2813 121 53 pas
539 2796 37 54 à
631 2808 105 41 ses
790 2784 306 61 instincts
1124 2778 79 58 de
1229 2768 246 81 voleur,
1498 2777 96 96 et
1621 2762 157 77 qu'il

366 2886 294 72 «saigne»
685 2899 108 40 ses
813 2875 296 62 victimes
1129 2886 154 41 avec
1302 2873 287 56 entrain,
1613 2876 166 56 pour

363 2999 129 53 peu
521 2973 276 76 qu'elles
820 2970 411 58 murmurent
1278 2975 131 41 une
1458 2948 322 82 protesta-

358 3072 213 59 tion...
604 3067 359 57 Comment
988 3066 265 66 peut-on
1273 3043 394 68 s'attendrir,
1692 3062 81 37 en

357 3163 225 65 vérité,
623 3178 113 39 sur
764 3156 99 58 les
891 3153 486 59 mésaventures
1414 3136 363 61 sentimen-

358 3255 164 58 tales
543 3252 191 57 d'une
752 3249 198 57 brute
969 3238 286 78 pareille,
1279 3245 63 48 et
1367 3226 409 66 s'émouvoir

357 3350 41 55 à
425 3334 686 79 l'incompréhensible
1136 3323 386 82 perversion
1577 3320 194 59 d'une

356 3439 241 58 femme
623 3433 136 71 qui,
804 3437 202 65 ayant
1029 3426 63 83 la
1133 3420 236 61 faculté
1422 3416 90 59 de
1566 3421 204 50 rester

353 3548 238 56 propre
618 3526 177 61 et.de
809 3520 298 61 racheter
1135 3533 117 40 son
1279 3511 218 73 passé,
1516 3526 71 40 se
1615 3524 155 39 vau-

353 3635 102 46 tre
481 3622 159 57 dans
667 3619 64 57 la
758 3617 178 58 boue
961 3628 158 42 avec
1145 3625 88 39 un
1258 3603 86 60 tel
1377 3601 154 59 élan
1558 3600 34 57 ?

431 3727 318 63 Combien
772 3724 152 73 plus
946 3716 349 64 volontiers
1316 3729 175 42 nous
1509 3708 255 60 serions

351 3823 374 71 indulgents
755 3819 40 57 à
832 3834 134 41 une
1017 3806 323 77 fripouille
1393 3801 373 74 intelligen-

347 3929 90 56 te,
470 3914 108 74 qui
606 3913 91 70 ait
721 3911 67 58 le
817 3906 254 61 sourire
1097 3912 64 49 et
1185 3900 110 74 qui
1318 3917 85 39 ne
1430 3895 190 74 parle
1645 3910 117 55 pas

348 4030 95 37 un
495 4014 183 67 argot
714 3992 510 69 conventionnel
1268 4000 65 50 et
1384 3984 306 78 périmé?
1708 3983 53 57 À

346 4108 216 50 aucun
589 4101 324 59 moment,
935 4107 166 41 nous
1128 4085 446 73 n’éprouvons
1595 4098 166 54 pour

347 4214 77 39 ce
453 4189 282 74 sauvage
765 4180 422 77 sanguinaire
1210 4178 61 59 le
1313 4172 312 62 moindre
1664 4172 96 57 in-

342 4286 169 59 térét
536 4306 17 47 ;
584 4301 170 41 nous
786 4277 363 62 n'arrivons
1175 4274 36 57 à
1230 4266 439 76 comprendre
1694 4263 62 60 la

344 4377 297 68 douleur,
671 4409 78 12 —
796 4373 56 59 si
900 4366 558 77 pathétiquement
1506 4358 251 61 rendue

342 4469 236 76 qu'elle
629 4469 143 58 soit.
813 4484 121 53 par
976 4458 261 62 l'artiste
1291 4474 78 23 —
1448 4454 87 58 de
1589 4460 166 51 cette

342 4567 272 68 étrange
638 4561 344 73 princesse
1007 4553 235 60 devant
1266 4550 61 58 le
1354 4539 284 100 cadavre
1657 4543 90 58 de

338 4666 109 50 cet
471 4653 247 75 apache
747 4672 18 50 ;
800 4660 85 57 et,
919 4667 82 41 ne
1028 4646 60 58 la
1124 4648 437 66 comprenant
1610 4655 137 56 pas,

338 4750 128 58 elle
492 4767 82 38 ne
598 4744 254 61 saurait
880 4758 165 43 nous
1062 4735 351 67 éÉmouvoir,
1439 4751 117 41 car
1575 4747 175 57 nous

334 4842 66 56 la
428 4851 315 48 trouvens
776 4831 275 64 ridicule
1076 4841 64 48 et
1165 4827 382 75 déplacée...

633 4954 124 63 LE
795 4947 308 67 VIEUX
1134 4931 525 79 MONSIEUR.

984 5147 128 76 *Y

420 5374 590 70 Bastia-Journal
1029 5408 82 11 —
1141 5386 286 69 25-7-25.

406 5551 80 60 Je
507 5550 184 59 viens
719 5549 87 59 de
843 5544 291 63 recevoir
1154 5564 127 40 une
1308 5539 291 63 aimable
1630 5539 113 59 let-

326 5652 103 51 tre
455 5644 161 59 dans
640 5641 294 75 laquelle
961 5660 88 38 un
1084 5638 81 59 de
1190 5655 119 42 nos
1348 5633 395 74 compatrio-

325 5748 103 48 tes
454 5734 298 61 habitant
776 5734 66 58 le
880 5733 163 72 Puy,
1085 5764 77 11 —
1202 5749 129 55 que
1374 5748 117 39 ma
1542 5727 200 75 petite

326 5839 155 48 note
508 5848 81 51 au
617 5826 179 73 sujet
821 5826 117 58 des
966 5822 329 60 fantaisies
1324 5841 138 53 que
1490 5839 72 40 se
1599 5839 142 54 per-

327 5905 271 74 mettent
638 5919 98 59 les
782 5915 405 76 géographes
1231 5916 37 56 à
1308 5924 197 48 notre
1541 5912 197 74 égard

325 6012 175 59 avait
523 6014 251 67 amusé,
806 6040 77 11 —
910 6020 153 48 veut
1099 6008 149 60 bien
1292 6025 109 41 me
1451 6005 288 74 signaler

323 6124 134 39 une
482 6114 182 49 autre
696 6118 33 30 ©
762 6103 182 74 perle
974 6127 28 30 »
1044 6103 38 55 à
1118 6109 257 51 monter
1428 6119 86 39 en
1543 6098 197 74 épin-

321 6198 127 71 gle.
478 6197 79 58 Je
598 6198 432 70 m’empresse
1078 6192 80 59 de
1209 6193 60 58 la
1321 6210 327 55 proposer
1698 6192 38 56 à

322 6300 185 48 votre
532 6288 418 60 admiration.

402 6398 123 58 «La
553 6397 232 69 Corse,
815 6417 95 39 un
938 6396 114 57 des
1078 6393 292 62 derniers
1399 6394 226 60 débris
1653 6393 82 59 de

318 6491 66 59 la
412 6487 430 77 Tyrrhénide,
877 6497 98 50 est
993 6507 129 40 une
1141 6487 84 59 île
1242 6488 364 74 possédant
1620 6487 115 59 des

318 6582 249 72 plaines
613 6580 347 62 alluviales
1022 6583 83 57 où
1159 6580 291 61 céréales
1497 6591 64 50 et
1604 6579 131 61 cul-

1717 598 336 33 PPP

1883 742 182 49 tures
2110 735 440 58 maraîchères
2599 733 431 59 réussiraient
3071 728 238 74 parfai-

1882 836 253 48 tement
2199 847 16 46 ;
2297 827 167 57 mais
2534 827 169 55 dans
2755 843 76 37 ce
2915 841 162 52 pays
3147 820 164 56 dont

1883 917 97 57 les
2033 935 381 45 ressources
2465 914 322 75 agricoles
2850 920 150 50 sont
3065 909 237 65 riches,

1883 1008 99 56 les
2009 1008 334 59 habitants
2372 1009 181 56 n'ont
2578 1024 120 55 pas
2727 1001 400 75 jusqu'alors
3156 996 150 74 (sic)

1884 1097 127 58 tiré
2028 1099 169 72 parti
2227 1099 90 55 du
2345 1098 98 58 sol
2468 1098 65 56 ni
2563 1098 87 55 du
2671 1091 435 61 sous-sol.Ses
3123 1087 182 59 habi-

1881 1200 176 47 tants
2086 1200 153 48 sont
2263 1195 267 51 surtout
2552 1188 279 69 bergers
2857 1202 87 39 ou
2967 1181 335 70 foncfion-

1878 1283 253 56 naires.
2183 1280 127 57 Les
2353 1280 179 57 voies
2597 1277 86 57 de
2741 1270 557 61 communication

1879 1383 154 46 sont
2100 1370 506 59 rudimentaires
2649 1388 28 35 :
2758 1360 533 72 Bastia-Ajaccio,

1872 1461 511 68 Bastia-Calvi,
2445 1451 638 74 Bastia-Bonifacio
3127 1447 165 75 (non

1875 1551 376 73 terminée.)

1952 1679 91 59 Le
2062 1695 375 42 commerce
2457 1674 329 61 s'effectue
2807 1691 116 54 par
2969 1672 94 56 les
3109 1676 181 66 ports

1870 1772 83 58 de
1983 1770 220 60 Bastia
2223 1768 194 73 (6ooo
2456 1762 388 76 habitants)
2871 1774 66 48 et
2962 1760 327 75 d'Ajaccio

1866 1861 244 71 (19.000
2137 1859 100 72 h.)
2278 1861 127 58 Ces
2432 1870 181 62 ports
2661 1867 153 48 sont
2845 1875 82 39 en
2975 1854 313 59 relations

1866 1972 163 39 avec
2056 1950 344 60 Marseille,
2438 1965 29 30 »

1942 2078 190 58 Cette
2185 2075 269 60 citation
2506 2073 322 75 lapidaire
2868 2082 99 48 est
3011 2068 275 61 extraite

1863 2172 196 58 d'une
2111 2169 328 62 Nouvelle
2485 2163 490 76 Encyclopédie
3026 2159 261 63 Onodi-

1860 2262 637 74 dactiqueillustrée
2519 2257 599 73 d'Enseignement
3140 2253 145 59 Mo-

1861 2357 209 59 derne
2096 2353 89 76 (1)
2229 2353 361 74 publiéeen
2639 2348 473 61 collaboration
3165 2364 119 53 par

1861 2469 91 38 un
2024 2448 260 60 Comité
2346 2441 566 62 d'universitaires
2976 2436 154 76 (!!!),
3197 2457 82 39 en

1860 2541 151 59 1820
2039 2540 33 57 ?
2101 2533 467 79 croyez-vous
2530 2529 59 87 ;
2598 2535 169 60 mais
2798 2553 156 49 non,
2974 2553 83 38 en
3096 2545 180 60 17924.

2507 2708 132 73 ML

1942 2900 104 63 Le
2082 2897 205 64 Petit
2325 2895 247 80 Corse,
2629 2914 246 64 1-2-25.

1941 3052 133 64 LA
2115 3049 431 65 SEMAINE
2583 3045 605 69 AJACCIENNE

2046 3318 234 60 Certes
2336 3315 172 60 Cora
2563 3311 389 77 Laparcerie
2995 3321 102 48 est
3139 3329 134 40 une

1846 3412 255 75 grande
2129 3411 251 59 artiste.
2413 3408 165 60 Mais
2617 3427 78 38 ce
2734 3403 239 77 qu'elle
3011 3423 172 41 nous
3234 3422 37 39 a

1832 3505 189 60 Servi
2055 3507 167 57 n'est
2250 3522 115 54 pas
2394 3502 87 60 du
2509 3500 212 76 grand
2750 3509 120 48 art.
2916 3498 51 58 Il
2995 3509 102 47 est
3121 3515 152 54 pos-

1847 3597 166 60 sible
2049 3616 132 54 que
2221 3594 444 69 /'Jnsoumise,
2697 3593 160 59 Mon
2890 3591 291 60 Homme
3207 3600 64 49 et

1845 3690 218 69 méme
2083 3690 62 58 la
2171 3689 276 60 Grande
2464 3686 350 60 Duchesse
2834 3692 68 53 et
2918 3685 60 60 le
3003 3685 265 72 Garcon

1842 3783 303 73 d'Etage
2191 3781 218 61 soient
2465 3781 117 60 des
2629 3799 265 40 ceuvres
2949 3778 321 60 étourdis-

1844 3887 224 49 santes
2117 3886 65 48 et
2211 3876 155 59 d'un
2423 3894 30 31 «
2501 3871 465 75 parisianisme
3008 3871 85 58 de
3132 3871 134 60 bon

1841 3967 154 59 aloi.
2036 3988 27 29 »
2116 3968 51 57 Il
2200 3978 102 49 est
2331 3967 151 60 bien
2517 3964 297 77 possible
2850 3984 128 53 que
3021 3983 76 41 ce
3139 3964 130 59 soit

1840 4060 63 58 là
1931 4061 63 57 le
2033 4059 259 61 théâtre
2333 4060 352 59 moderne:
2734 4057 115 59 des
2879 4055 239 88 choses
3150 4056 118 60 fai-

1839 4153 305 68 sandées,
2170 4153 120 59 des
2309 4151 399 76 gaudrioles,
2731 4150 116 58 des
2877 4149 243 67 bécots,
3147 4150 118 59 des

1837 4255 195 58 mots,
2088 4245 117 61 des
2248 4246 367 60 situations
2664 4244 413 68 scabreuses,
3146 4243 117 58 des

1836 4339 417 75 quiproquos
2270 4339 342 60 hilarants.
2639 4338 104 60 Du
2765 4336 221 68 talent,
3017 4336 242 60 certes!

1835 4443 95 48 on
1954 4432 85 59 rit
2077 4443 68 53 et
2192 4443 369 51 en-sortant
2598 4432 134 60 l’on
2764 4450 71 41 se
2863 4430 132 58 dit:
3043 4449 30 30 «
3102 4430 164 58 Mon

1834 4524 154 62 dieu
2017 4545 132 55 que
2177 4527 160 59 c’est
2364 4527 148 59 bête
2534 4517 68 68 !»
2637 4525 92 59 La
2749 4523 243 85 société
3019 4522 243 59 actuel-

1832 4618 63 58 le
1922 4638 39 39 à
1989 4620 327 73 peut-être
2339 4620 66 58 le
2433 4619 257 61 théâtre
2717 4617 236 75 qu’elle
2997 4615 257 59 mérite.

1833 4701 141 70 Elle
2000 4732 272 41 mourra
2300 4713 164 59 dans
2494 4734 89 38 un
2626 4712 324 60 immense
2977 4709 170 59 éclat
3175 4709 81 58 de

1831 4803 154 62 rire.

1908 4915 81 61 Et
2016 4925 264 51 surtout
2317 4936 75 39 ce
2434 4917 167 59 n’est
2629 4913 210 85 pas
2759 4907 72 95 là
2865 4912 88 61 du
2998 4911 256 61 théâtre

1828 5029 171 53 pour
2024 5012 99 58 les
2135 5009 245 74 jeunes
2399 5007 173 62 filles
2600 5008 70 60 ni
2697 5028 173 54 pour
2896 5006 94 61 les
3011 5005 240 75 jeunes

1827 5102 253 59 dames.
2132 5102 134 59 Des
2314 5102 230 60 choses
2582 5111 148 64 trop
2790 5098 317 75 spéciales
3163 5119 87 39 ou

1825 5205 151 64 trop
2003 5195 380 75 spécieuses
2407 5194 14 58 !
2451 5195 280 60 J’avoue
2749 5192 184 61 avoir
2967 5194 106 59 été
3104 5213 144 54 par-

1825 5287 127 61 fois
1985 5289 154 59 bien
2172 5290 245 72 géné...

2692 5400 58 56 A
2790 5396 376 62 MERULA.

2588 5600 77 65 age
2739 5600 50 65 onu

1907 5848 142 38 «...
2090 5826 116 62 En
2244 5824 222 64 Corse
2506 5823 287 78 chaque
2839 5821 203 83 ville,
3073 5821 165 90 cha-

1818 5961 144 59 que
2003 5943 642 79 hameau,chaque
2673 5942 171 64 coin
2880 5938 90 68 de
3013 5947 250 74 terre,

1817 6062 290 77 chaque
2144 6060 587 79 rocher,chaque
2767 6059 469 84 broussaille,

1813 6185 216 71 porte
2065 6180 112 62 les
2235 6196 347 62 marques
2655 6178 217 65 d'une
2930 6178 307 67 bataille

1812 6296 368 81 héroïque
2228 6316 193 59 pour
2467 6296 706 77 l'indépendance...
3201 6324 29 38 »

2591 6431 166 54 J.B.
2793 6431 373 56 Lescarret.

2020 6589 20 63 (
2055 6587 262 65 Mémoire
2338 6601 97 37 sur
2456 6588 54 52 la
2525 6586 187 66 Corse,
2742 6587 182 65 1875.)

3854 343 787 149 ALTRI
4755 334 1107 150 JURNALI

4366 583 916 39 _——+——
4650 572 27 54 —+—
4740 572 54 54 >>
4798 572 46 54 è
4870 572 181 54 Gh———
5086 572 127 54 ——
5217 572 18 54 —

3473 725 496 64 L'Humanité

3461 844 178 104 Pour
3675 876 269 61 donner
3968 882 49 55 à
4051 895 124 41 nos
4216 871 436 61 accusations
4693 868 121 58 des

3385 968 204 58 bases
3638 952 469 87 irréfutables,
4162 966 58 57 il
4262 981 175 40 nous
4486 960 198 70 suffit
4726 961 87 56 de

3380 1060 230 58 suivre
3634 1058 98 58 les
3758 1079 204 40 cours
3988 1061 124 58 des
4134 1058 143 57 blés
4302 1061 69 49 ef
4393 1052 126 58 des
4542 1050 269 71 farines

3381 1150 246 71 depuis
3650 1149 73 58 la
3750 1151 317 60 dernière
4104 1145 259 64 récolte,
4396 1142 411 74 postérieure

3381 1244 37 55 à
3444 1240 297 58 l’arrivée
3769 1263 86 37 au
3874 1240 281 74 pouvoir
4173 1238 84 57 du
4277 1243 531 65 gouvernement

3381 1330 631 70 Herriot-Queuille.

3450 1424 62 57 A
3560 1419 379 65 l'automne
3974 1439 180 60 1924,
4196 1421 64 57 le
4301 1420 161 69 prix
4517 1418 290 59 d'achat

3375 1515 96 58 du
3523 1514 120 60 blé
3687 1524 104 51 est
3843 1518 90 58 de
3980 1533 92 59 go
4091 1515 235 72 francs
4385 1510 65 59 le
4494 1509 304 73 quintal.

3370 1607 98 58 Le
3484 1607 182 71 petit
3680 1617 305 62 paysan,
4017 1605 228 73 obligé
4278 1603 88 58 de
4391 1603 255 59 vendre
4693 1622 110 53 ses

3370 1699 283 59 récoltes
3691 1701 302 59 aussitôt
4035 1695 287 61 celles-ci
4344 1700 309 69 coupées,
4703 1695 97 60 les

3371 1793 171 57 livre
3560 1794 44 57 à
3633 1812 75 40 ce
3734 1812 203 46 cours
3964 1808 145 48 aux
4125 1790 287 59 meniers
4437 1810 89 40 ou
4543 1791 45 58 à
4618 1790 182 60 leurs

3369 1883 342 60 courtiers.

3451 1975 97 59 Or
3564 1975 72 57 la
3673 1974 249 61 récolte
3955 1974 322 70 générale
4319 1975 175 59 n'est
4508 1984 141 64 pas
4674 1977 125 59 des

3367 2067 400 61 meilleures.
3790 2068 138 59 Les
3948 2086 166 53 gros
4130 2069 494 72 propriétaires
4641 2069 154 71 fon-

3366 2161 172 57 ciers
3554 2196 77 11 —
3669 2162 98 59 les
3800 2159 358 72 seigneurs
4201 2162 85 58 de
4315 2182 128 41 nos
4482 2163 315 72 départe-

3365 2269 218 45 ments
3601 2253 342 75 agricoles
3974 2255 128 72 qui
4113 2263 245 52 savent
4401 2256 100 61 les
4536 2258 260 72 espoirs

3364 2346 86 60 de
3475 2349 428 72 spéculation
3937 2365 138 55 que
4095 2357 265 63 permet
4387 2350 75 59 la
4494 2352 302 71 raréfac-

3365 2441 142 59 tion
3523 2441 84 60 de
3625 2440 222 73 l'offre
3864 2459 124 42 sur
4002 2461 92 40 un
4111 2444 281 59 marché
4412 2452 72 52 et
4498 2446 127 71 qui
4624 2454 169 64 peu-

3362 2542 164 50 vent
3562 2534 269 61 stocker
3880 2569 81 11 —
4026 2556 86 38 ne
4162 2536 250 61 livrent
4442 2547 144 64 pas
4611 2539 182 60 leurs

3361 2629 313 59 céréales.
3752 2628 111 59 On
3914 2647 174 41 nous
4133 2630 252 75 signale
4438 2651 133 54 que
4624 2632 166 58 dans

3362 2737 321 62 certaines
3713 2737 275 76 régions
4006 2761 171 40 —en
4204 2741 384 73 particulier
4623 2743 167 60 dans

3359 2849 62 60 la
3452 2850 277 72 Beauce,
3761 2849 123 61 fief
3921 2849 309 63 électoral
4273 2852 97 73 de
4411 2853 85 59 M.
4549 2853 241 60 Violet-

3357 2963 64 56 te
3473 2995 77 13 —
3600 2961 117 61 des
3772 2961 145 61 blés
3976 2964 180 59 n'ont
4227 2983 117 54 pas
4386 2984 242 41 encore
4686 2968 103 56 été

3358 3071 214 60 battus
3552 3067 59 88 !

3430 3166 616 73 L’accaparement
4071 3168 120 60 des
4216 3171 340 58 meuniers
4598 3173 188 57 raré-

3350 3259 183 71 fiant
3549 3279 247 54 encore
3822 3260 102 60 les
3952 3262 296 59 céréales
4265 3283 121 40 sur
4403 3264 65 60 le
4482 3263 296 80 marché,

3354 3352 72 58 la
3462 3353 252 61 hausse
3754 3356 180 59 était
3984 3357 319 61 certaine.
4360 3358 152 61 Elle
4549 3357 238 60 devait

3351 3467 74 39 se
3451 3446 411 62 déclancher
3888 3468 175 42 avec
4096 3451 313 60 l'arrivée
4462 3452 124 59 des
4635 3449 149 60 blés

3289 3589 8 7 |
3352 3544 352 69 étrangers
3728 3578 82 11 —
3835 3541 180 60 dont
4037 3544 68 82 le
4116 3546 160 71 prix
4308 3551 106 53 est
4428 3543 356 73 supérieur

3351 3653 145 40 aux
3520 3633 146 60 blés
3683 3636 329 73 francais
4032 3668 75 9 —
4132 3646 70 51 et
4222 3641 424 57 s'accentuer
4694 3636 87 58 de

3342 3728 164 73 jour
3529 3748 82 39 en
3637 3728 197 87 jour.
3851 3731 95 60 Le
3972 3751 193 41 cours
4192 3752 37 39 a
4254 3730 173 60 ainsi
4457 3732 194 70 passé
4697 3729 83 59 de

3351 3836 72 58 90
3450 3821 221 81 francs
3699 3825 40 57 à
3769 3823 114 61 135
3912 3823 222 62 francs
4161 3825 165 60 dans
4353 3824 289 73 l’espace
4694 3822 83 59 de

3349 3926 233 63 quatre
3609 3917 192 60 mois.

4008 4022 128 76 *,*

3431 4225 213 64 Breiz
3663 4226 201 65 Atao
3889 4227 394 84 (Bretagne
4303 4226 383 82 toujours)

3427 4365 89 59 Ce
3540 4367 214 70 qu'un
3777 4367 261 72 peuple
4060 4371 168 67 peut
4247 4365 188 72 faire
4461 4386 84 38 en
4577 4365 198 72 vingt

3342 4477 150 40 ans.
3549 4459 89 58 Ce
3688 4460 275 71 qu’une
3996 4459 213 75 petite
4271 4458 166 60 élite
4492 4458 281 61 décidée

3332 4558 174 65 peut
3522 4551 185 71 faire
3734 4553 174 59 d'un
3930 4550 250 76 peuple
4224 4571 84 40 en
4363 4553 202 73 vingt
4613 4571 151 41 ans.

3343 4646 329 60 Suzanne
3701 4645 242 75 Théry,
3988 4647 178 58 dans
4203 4664 125 39 son
4369 4646 193 67 livre,
4601 4672 34 30 «
4663 4645 105 59 En

3336 4737 282 61 Irlande
3645 4753 62 55 »,
3737 4760 181 39 nous
3954 4740 64 60 le
4051 4745 280 55 montre.,
4374 4739 154 60 Elle
4581 4746 187 52 trace

3337 4814 73 66 le
3416 4817 303 70 portrait
3759 4818 127 59 des
3910 4816 352 71 Irlandais
4289 4815 89 59 de
4414 4831 161 59 1900
4603 4837 24 37 :

3415 4936 34 30 a
3484 4908 298 73 ...Enfin,
3815 4910 558 59 asservissemeni
4418 4912 341 70 supréme,

3333 5002 86 59 ils
3446 5021 81 39 en
3555 5003 266 59 étaient
3852 5004 265 59 arrivés
4141 5003 47 59 à
4231 5002 308 60 admirer
4582 5002 183 59 leurs

3332 5100 281 56 maîtres
3632 5117 28 45 ;
3698 5097 104 59 les
3820 5117 187 54 yeux
4043 5097 169 72 fixés
4258 5115 124 41 sur
4431 5095 325 68 Londres,

3330 5188 86 61 ils
3440 5190 288 60 avaient
3769 5191 241 60 oublié
4028 5191 177 60 leurs
4228 5190 374 60 traditions
4638 5210 123 39 na-

3329 5283 313 66 tionales,
3672 5284 188 61 leurs
3885 5285 340 73 légendes,
4247 5284 152 60 leur
4425 5269 335 75 ancienne

3328 5377 433 67 civilisation,
3823 5377 155 61 leur
3999 5376 401 67 littérature,
4434 5377 149 60 leur
4622 5378 137 59 his-

3327 5470 186 70 toire,
3562 5477 70 52 et
3672 5462 297 83 jusqu'à
4021 5471 146 61 leur
4206 5471 279 73 langue.
4532 5470 69 60 Il
4645 5474 112 70 n'y

3326 5564 214 66 avait,
3584 5574 186 61 pour
3820 5554 131 71 des
4007 5565 410 74 gentlemen,
4486 5558 270 68 d'autré

3327 5655 251 75 langue
3596 5658 317 71 possible
3939 5677 133 55 que
4097 5659 334 73 l'anglais
4453 5679 30 46 ;
4510 5675 85 45 on
4619 5660 138 73 fai-

3322 5750 145 59 sait
3489 5750 190 59 venir
3704 5751 434 61 sesmeubles
4155 5751 553 74 d'Argleterre...
4730 5772 28 48 ;

3322 5870 87 39 on
3429 5851 194 60 lisait
3646 5851 125 61 des
3821 5854 213 59 livres
4072 5854 296 71 anglais,
4418 5874 106 39 on.
4551 5854 210 60 allait

3322 5942 459 61 entendredes
3782 5946 241 70 pièces
4040 5946 374 72 anglaises,
4432 5966 89 40 on
4549 5946 205 60 ache-

3254 6063 9 5 l
3321 6037 640 74 taîitseschapeaux
3975 6039 47 58 à
4037 6038 325 71 Londres,
4376 6059 89 39 ou
4491 6039 160 61 bien
4667 6060 86 40 on

3320 6130 365 60 imitaitles
3701 6131 377 73 chapeaux
4093 6132 86 58 de
4193 6132 440 61 Londres.En
4661 6153 91 41 un

3301 6247 181 62 mot,
3511 6240 347 75 l'antique
3906 6250 72 51 et
4025 6243 196 59 noble
4273 6244 285 59 Irlande
4583 6245 175 57 était

3310 6336 165 70 près
3500 6334 276 60 d’avoir
3800 6335 79 61 la
3908 6336 359 60 mentalité
4305 6338 169 59 d’un
4501 6338 254 72 peuple

3317 6427 89 58 de
3433 6428 223 71 cafres
3680 6448 91 39 ou
3799 6430 92 57 de
3917 6429 466 61 Hottentots...
4409 6456 34 31 »

3394 6521 205 72 Déjà,
3631 6541 84 40 en
3755 6532 187 64 1910,
3976 6523 57 60 il
4064 6527 153 56 n'en
4257 6524 177 60 était
4461 6525 168 73 plus
4665 6525 90 60 de

4894 722 237 54 méme.
5180 718 108 56 En
5337 729 178 55 1914,
5569 712 334 57 l'Irlande
5965 712 173 57 était
6188 714 131 55 mé

4892 803 502 63 connaissable.
5434 803 478 70 Aujourd’hui,
5955 804 46 55 à
6028 804 282 63 Dublin,

4891 919 87 37 on
5006 898 169 57 écrit
5199 896 102 58 les
5328 895 412 58 devantures
5758 895 86 57 de
5879 897 319 70 magasin
6232 915 82 39 en

4884 989 347 72 gaéligue.

4966 1081 507 58 Sommes-nous
5500 1081 262 57 tombés
5786 1082 66 57 si
5865 1082 153 69 bas,
6045 1102 84 37 en
6154 1079 162 60 Bre-

4887 1179 228 65 fagne,
5163 1190 138 54 que
5350 1190 170 40 nous
5559 1192 87 40 ne
5691 1175 352 71 puissions
6087 1175 226 58 suivre

4884 1263 62 58 le
4973 1262 268 60 chemin
5283 1265 310 71 qu'avait
5620 1272 196 53 tracé
5835 1267 262 60 devant
6141 1286 172 40 nous

4882 1370 334 61 l'Irlande
5244 1374 87 58 de
5382 1390 157 58 1900
5564 1377 37 57 2

5516 1502 48 39 +
5606 1501 47 42 *

5559 1559 47 41 *

4962 1719 108 65 La
5105 1720 290 66 Pensée
5423 1721 225 66 Libre

4958 1903 31 31 «
5019 1879 83 59 Je
5129 1900 87 38 ne
5257 1880 131 59 sais
5415 1897 116 54 pas
5584 1880 56 58 si
5694 1881 99 56 les
5846 1876 241 60 Corses
6114 1875 192 58 méri-

4877 1977 140 53 tent
5046 1973 147 59 leur
5222 1992 229 40 renom
5482 1981 66 49 et
5575 1971 136 59 s'ils
5740 1969 382 74 pratiquent
6173 1983 128 39 une

4877 2065 260 72 grande
5166 2076 67 49 et
5258 2067 182 72 large
5466 2062 404 75 hospitalité.
5919 2061 83 58 Je
6031 2057 126 60 n'ai
6185 2075 117 56 pas

4878 2179 81 39 eu
4990 2158 356 62 l'occasion
5375 2159 82 59 de
5484 2157 96 60 les
5635 2166 240 50 mettre
5902 2156 37 57 à
5971 2150 333 63 contribu-

4874 2253 139 60 tion
5044 2263 65 49 et
5129 2253 75 73 je
5231 2253 106 72 n'y
5365 2251 212 59 terais
5621 2249 391 60 nullement.
6046 2243 162 61 Mais
6230 2243 70 73 je

4873 2345 131 59 n'ai
5035 2365 121 55 pas
5210 2344 202 76 gardé
5455 2365 92 38 un
5591 2342 318 63 souvenir
5962 2337 338 61 favorable

4872 2439 83 60 de
4982 2460 123 39 nos
5134 2449 316 50 contacts.

4951 2570 29 30 «
5014 2550 382 74 L'étranger
5439 2545 174 78 (tout
5667 2567 75 42 ce
5796 2546 114 74 qui
5955 2545 170 59 n'est
6176 2561 119 56 pas

4872 2643 206 60 Corse
5123 2654 102 49 est
5253 2642 344 61 considéré
5625 2660 259 41 comme
5913 2643 304 69 étranger
6246 2632 47 77 !)

4870 2748 99 50 est
5026 2737 317 73 dévisagé
5370 2755 160 40 avec
5570 2733 347 61 méfiance.
5951 2729 181 61 Assis
6185 2729 110 58 de-

4869 2841 160 51 vant
5053 2831 183 59 leurs
5294 2840 221 64 portes
5568 2848 88 39 ou
5705 2826 305 59 devisant
6036 2844 86 39 au
6149 2823 120 59 mi-

4868 2924 129 60 lieu
5029 2924 82 60 de
5139 2924 180 58 leurs
5347 2913 234 86 places,
5580 2913 97 86 ils
5705 2937 166 41 vous
5899 2917 206 60 fixent
6129 2935 161 40 avec

4866 3038 133 41 une
5026 3017 362 60 insistance
5417 3033 183 41 assez
5628 3015 288 70 gênante
5958 3022 64 48 et
6049 3008 240 61 derriè-

4866 3132 72 38 re
4962 3110 291 74 laquelle
5282 3130 85 39 on
5422 3127 83 39 ne
5541 3115 152 50 sent
5744 3124 260 41 aucune
6031 3123 257 55 sympa-

4865 3204 161 59 thie.
5057 3204 188 59 Nous
5275 3221 285 40 sommes
5589 3201 119 59 des
5694 3195 277 84 intrus.
5981 3195 175 84 Dans
6192 3217 90 39 un

4862 3307 323 59 auto-car,
5218 3314 133 41 une
5377 3292 244 61 femme
5678 3312 188 40 corse
5918 3289 364 75 (d’Ajaccio

4861 3392 38 55 à
4929 3385 307 76 Sartène)
5265 3386 292 60 émettait
5584 3387 248 59 devant
5863 3404 170 41 nous
6061 3385 63 57 la
6140 3387 144 71 pré-

4861 3482 256 59 tention
5148 3481 85 60 de
5257 3480 280 75 prendre
5565 3481 66 58 la
5646 3481 187 74 place
5863 3481 197 59 d'une
6089 3497 194 54 voya-

4858 3594 225 55 geuse,
5117 3594 161 40 sous
5320 3578 295 69 prétexte
5653 3593 134 54 que
5827 3575 95 57 les
5940 3578 340 70 étrangers

4857 3666 248 75 (c'était
5158 3668 91 60 du
5279 3679 189 60 reste,
5526 3687 134 41 une
5715 3665 379 75 Francaise)
6145 3666 137 60 doi-

4857 3772 159 49 vent
5079 3761 200 60 céder
5329 3761 62 61 le
5417 3781 116 55 pas
5563 3781 130 39 aux
5722 3761 264 62 Corses.
6045 3759 237 76 Singu-

4855 3854 163 61 lière
5042 3855 427 76 hospitalité..

4934 3994 29 30 «
4997 3968 91 58 La
5117 3968 282 73 religion
5443 3971 206 71 règne
5690 3989 83 38 en
5828 3969 363 58 maîtresse.
6226 3966 52 58 Il

4855 4079 105 39 me
4989 4059 102 60 fut
5118 4060 385 73 impossible
5531 4060 417 75 d’organiser
5988 4080 83 37 en
6125 4055 157 64 Cor-

4853 4170 73 42 se
4969 4173 134 41 une
5148 4152 184 61 seule
5369 4150 428 63 conférence!
5849 4152 109 59 On
6013 4151 266 61 m'avait

4852 4249 323 72 prévenu.
5211 4248 103 59 Un
5364 4246 130 60 ami
5523 4248 181 60 avait
5754 4249 219 57 même
6012 4256 158 49 tenu
6237 4250 38 56 à

4850 4361 107 39 me
4985 4352 239 50 mettre
5254 4363 78 38 en
5356 4340 221 76 garde,
5604 4350 200 51 avant
5831 4361 158 40 mon
6046 4340 230 73 départ

4850 4472 78 11 —
4954 4446 67 68 et
5039 4435 240 75 j'avais
5307 4436 197 61 souri.
5556 4436 189 70 Mais,
5803 4456 120 55 par
5975 4436 63 60 la
6078 4435 189 72 suite,

4836 4529 281 76 lorsque
5140 4530 115 72 j'ai
5283 4550 85 40 vu
5394 4531 63 58 la
5486 4531 354 74 puissance
5886 4531 83 60 de
5995 4531 145 60 leur
6165 4550 108 40 su-

4848 4623 350 74 perstition
5268 4634 63 49 et
5382 4624 61 61 le
5509 4627 334 58 caractère
5889 4625 247 59 arriéré
6187 4625 83 60 de

4845 4718 180 59 leurs
5055 4736 385 56 croyances,
5468 4719 114 73 j'ai
5613 4722 290 72 compris
5931 4739 152 54 que,
6104 4719 164 59 dans

4846 4811 327 61 certaines
5216 4811 295 62 localités
5561 4824 283 60 surtout,
5899 4814 47 58 il
5997 4834 42 54 y
6092 4815 177 59 avait

4844 4905 133 61 lieu
5007 4907 206 58 d’être
5242 4907 305 74 prudent.
5600 4908 183 60 Dans
5811 4917 150 50 tous
6001 4907 97 60 les
6151 4908 115 61 hô-

4843 5000 121 58 tels
4990 5001 86 58 où
5099 5000 122 72 j'ai
5252 4999 267 71 couché,
5572 5001 115 73 j'ai
5715 5004 235 57 trouvé
5978 5002 117 60 des
6123 5023 139 39 cru-

4841 5093 169 68 cifix,
5045 5095 122 59 des
5193 5094 249 73 images
5472 5094 250 60 saintes
5752 5107 65 49 et
5848 5096 119 60 des
6019 5101 246 56 sacrés-

4839 5207 242 43 cœurs.
5132 5189 147 59 Aux
5305 5198 349 51 tournants
5683 5190 116 59 des
5855 5200 244 61 routes,
6148 5191 113 73 J'ai

4840 5303 86 62 vu
4969 5281 568 63 d'innombrables
5577 5282 227 61 niches
5833 5283 322 63 bariolées
6176 5307 84 38 en

4841 5376 352 72 bleu,dans
5221 5378 354 74 lesquelles
5597 5400 133 40 une
5748 5379 284 62 affreuse
6065 5381 196 61 «San-

4835 5480 66 50 ta
4931 5470 232 61 Madre
5191 5486 33 31 »
5257 5492 82 41 en
5368 5472 212 75 plâtre
5618 5475 300 73 esquisse
5966 5496 91 38 un
6111 5495 148 41 sou-

4834 5564 131 61 rire
4983 5563 197 64 niais.

4913 5696 30 30 «
4977 5678 127 58 Les
5136 5676 243 62 Corses
5409 5691 178 58 sont,
5635 5681 419 71 d'ordinaire,
6101 5682 158 59 mai-

4834 5798 148 54 gres
5001 5790 65 48 et
5093 5799 169 53 secs,
5281 5782 217 60 tandis
5523 5803 133 54 que
5685 5783 175 61 leurs
5890 5788 191 58 curés
6107 5797 153 47 sont

4834 5891 174 55 gras,
5033 5873 308 72 joufflus,
5386 5887 299 50 ventrus.
5734 5878 180 60 Nous
5944 5900 84 39 en
6050 5899 207 41 avons

4836 5971 362 55 rencontré
5253 5968 117 61 des
5410 5971 361 71 centaines,
5831 5992 156 41 sans
6042 5975 218 72 parler

4834 6059 116 59 des
4982 6060 321 74 capucins
5324 6073 67 47 et
5415 6063 117 59 des
5561 6064 583 73 dominicains,car
6168 6068 92 59 là-

4834 6153 117 59 bas
4978 6154 100 59 les
5100 6154 259 78 moines
5389 6177 72 40 se
5487 6161 401 71 promènent
5913 6161 349 74 publique-

4833 6259 197 49 ment
5074 6268 167 41 avec
5293 6251 178 58 leurs
5513 6253 199 59 robes
5762 6251 111 75 (de
5900 6255 165 61 bure
6091 6277 170 39 mar-

4835 6359 123 39 ron
5003 6361 89 39 ou
5124 6342 85 58 de
5235 6342 173 61 laine
5446 6344 337 77 blanche).
5817 6345 120 64 Les
5965 6350 127 58 lois
6146 6371 115 39 sur

4832 6431 97 61 les
4991 6434 538 76 Congrégations
5585 6461 86 41 ne
5752 6443 337 62 sont-elles
6140 6465 120 53 pas

4834 6529 410 72 applicables
5276 6532 39 57 à
5342 6531 61 59 la
5422 6529 206 65 Corse
5655 6535 37 59 ?

6403 332 29 31 «
6465 318 223 73 Quant
6731 318 36 55 à
6810 314 171 59 leurs
7033 324 224 55 morts,
7282 315 80 60 ils
7391 319 92 60 les
7515 344 189 54 enter

6404 421 151 47 rent
6582 429 85 38 un
6702 427 124 53 peu
6858 416 286 65 partout.
7209 408 88 58 Le
7327 409 160 76 long
7514 419 111 63 des
7667 454 120 52 rou.

6400 512 124 57 tes,
6560 510 211 49 toutes
6801 500 93 58 les
6923 500 152 70 cinq
7109 498 313 72 minutes,
7455 526 85 39 on
7596 531 191 69 Croise

6401 614 92 37 un
6522 603 386 49 monument
6927 591 356 59 funéraire.
7319 592 175 62 C’est
7521 621 87 43 un
7651 625 136 65 tom.

6402 687 190 67 beau,
6618 688 273 56 entouré
6920 683 80 59 de
7055 683 408 62 l'inévitable
7491 708 224 62 cyprès
7713 690 74 100 ei

6399 777 82 59 de
6497 779 423 70 l'inscription
6941 775 345 73 fatidique:
7313 777 269 67 Famille
7610 784 177 91 Tour.

6397 869 140 58 toni
6569 889 83 38 ou
6697 867 398 73 Busangelli.
7130 867 300 74 Lorsque
7485 895 89 41 un
7608 873 179 100 Corse

6396 979 194 55 passe
6618 962 241 57 devant
6885 980 108 39 ces
7023 959 199 74 petits
7251 962 288 76 édifices,
7589 975 43 58 il
7661 1001 126 53 Sou.

6393 1053 148 58 lève
6577 1072 120 39 son
6730 1053 287 73 chapeau
7077 1072 86 39 ou
7193 1053 120 58 fait
7366 1076 89 40 un
7487 1062 184 74 signe
7722 1086 65 65 de

6394 1164 202 40 croix.

6501 1258 25 29 «
6566 1238 171 59 Vous
6790 1238 456 72 m'objecterez
7295 1248 323 64 peut-être
7671 1279 115 54 que

6391 1330 330 72 plusieurs
6750 1330 138 59 élus
6905 1329 81 59 de
7013 1331 64 58 la
7109 1330 209 61 Corse
7346 1353 72 40 se
7447 1339 340 86 réclament

6391 1424 119 58 des
6539 1423 202 74 partis
6770 1424 448 71 républicains
7237 1425 34 57 ?
7301 1426 175 60 C'est
7477 1422 301 103 possible,

6389 1517 170 59 mais
6587 1517 79 60 ils
6696 1516 425 75 n’ontjamais
7145 1520 337 61 combattu
7513 1514 269 95 l'Église.

6469 1611 147 74 Que
6641 1611 282 61 demain.
6954 1631 120 53 par
7102 1613 320 73 exemple,
7459 1637 90 38 un
7591 1622 196 74 Moro.

6391 1704 303 63 Giafferri
6724 1706 236 61 s'avise
6988 1708 84 59 de
7098 1708 366 60 combattre
7509 1711 60 60 le
7621 1719 166 71 cléri.

6389 1800 290 71 calisme,
6712 1800 44 60 il
6785 1821 146 40 sera
6976 1802 550 61 inévitablement
7562 1811 222 75 vaincu

6387 1891 166 59 dans
6638 1895 62 55 la
6752 1894 161 58 lutte
6954 1896 372 58 électorale.

6466 2001 31 30 «
6530 1984 50 55 Il
6601 2003 40 53 y
6671 2004 36 36 a
6726 1984 158 58 trois
6914 1984 237 59 choses
7206 1987 386 70 auxquelles
7638 1998 42 58 il
7711 2027 74 43 ne

6384 2072 143 60 faut
6552 2093 116 54 pas
6696 2075 270 59 toucher
6986 2094 85 41 en
7103 2077 246 58 Corse:
7402 2091 61 45 1°
7519 2083 89 61 La
7651 2099 133 61 reli.

6381 2167 159 74 gion
6594 2167 391 75 catholique;
7032 2176 71 51 2°
7162 2169 90 58 La
7308 2168 247 67 famille
7586 2179 194 73 Bona.

6383 2269 211 65 parte;
6621 2259 70 58 3°
6738 2261 89 59 Le
6854 2261 440 60 militarisme.
7347 2263 108 60 On
7503 2289 275 63 pourrait

6381 2355 216 58 même
6625 2374 80 39 en
6734 2355 254 72 ajouter
7014 2374 137 40 une
7171 2356 369 73 quatrième
7564 2381 12 35 :
7614 2366 58 62 Je
7700 2388 74 52 ta.

6382 2446 142 68 bac,
6570 2467 110 41 car
6714 2447 44 59 il
6791 2459 99 48 est
6928 2446 85 61 ici
7044 2451 137 55 très
7219 2448 131 60 bon
7409 2458 261 62 marché
7720 2489 51 48 et

6379 2540 95 60 les
6501 2552 162 63 gens
6691 2541 252 59 fument
6960 2560 156 40 sans
7148 2535 464 99 interruption.
7612 2535 155 99 Rien

6375 2636 38 57 à
6458 2634 162 60 faire
6646 2656 166 53 pour
6839 2635 308 61 modérer
7173 2636 147 59 leur
7344 2641 240 60 manie.

6482 2742 31 31 «
6544 2729 356 71 Napoléon,
6950 2730 158 58 c'est
7163 2729 62 59 la
7304 2735 251 69 grande
7626 2746 138 70 gloi.

6374 2825 112 56 re!
6545 2822 133 60 Son
6709 2841 152 39 nom
6893 2822 202 60 brille
7138 2841 133 40 aux
7315 2836 234 59 quatre
7599 2841 163 68 coins

6371 2916 348 74 d’Ajaccio.
6778 2916 343 66 Portraits,
7192 2917 249 70 bustes,
7515 2935 228 63 statues

6370 3009 164 60 c’est
6573 3029 131 40 une
6729 3009 346 59 obsession
7104 3010 344 62 véritable.

6451 3116 32 31 «
6503 3104 123 59 Les
6642 3103 271 71 gradées
6940 3102 414 74 pullulent.A
7371 3104 164 65 bord
7564 3115 83 62 du
7666 3142 96 43 na.

6368 3197 163 70 vire,
6565 3197 44 59 il
6638 3217 41 53 y
6700 3217 80 37 en
6809 3189 176 92 avait
6985 3189 85 92 40
7090 3193 125 82 0/0.
7246 3201 314 74 Sergents
7589 3221 63 48 et
7668 3221 92 56 ad.

6357 3290 276 72 judants
6661 3292 200 60 allant
6888 3314 230 54 passer
7138 3296 179 59 leurs
7346 3316 317 48 vacances
7690 3329 68 44 ay

6365 3404 163 56 pays
6557 3386 195 60 natal.
6787 3387 85 59 La
6919 3389 345 60 mentalité
7293 3389 81 59 de
7405 3410 107 42 ces
7540 3395 218 69 chaou-

6364 3477 118 60 cks
6503 3490 99 48 est
6628 3490 144 63 trop
6821 3502 263 40 connue
7110 3502 309 56 pourque
7437 3485 72 73 je
7537 3495 222 65 veuille

6362 3591 43 54 y
6434 3572 381 62 insister.Îls
6844 3586 153 50 sont
7025 3587 348 65 arrogants
7403 3587 66 52 et
7495 3600 264 55 souvent

6360 3664 346 63 insolents.
6763 3670 55 58 A
6857 3669 95 59 les
7008 3671 385 59 considérer
7446 3673 150 62 d'un
7643 3702 113 52 peu

6361 3763 270 69 près,on
6660 3766 161 58 n'est
6846 3785 117 55 pas
6991 3767 259 73 surpris
7279 3768 81 58 de
7389 3773 218 58 savoir
7631 3771 122 84 que

6361 3854 232 72 là-bas,
6623 3858 163 59 dans
6806 3859 61 59 le
6895 3859 152 61 bled
7075 3859 418 69 africain,ces
7520 3873 236 66 gens-là

6337 3948 204 72 aient
6560 3952 272 61 commis
6852 3964 141 61 tant
7005 3955 84 58 de
7117 3955 318 65 crimeset
7462 3977 70 40 se
7561 3964 195 66 soient

6359 4044 321 61 acharnés
6707 4048 54 57 si
6802 4047 492 61 méchamment
7336 4071 117 38 sur
7478 4052 95 59 les
7614 4062 142 58 mal.

6357 4136 297 63 heureux
6673 4139 196 62 livrés
6888 4142 341 60 désarmés
7249 4144 40 58 à
7315 4143 144 61 leur
7477 4145 273 71 férocité.

6359 4230 161 63 Fort
6546 4232 530 76 heureusement,
7109 4236 210 60 Biribi
7347 4258 82 38 va
7458 4239 296 77 disparaî-

6356 4335 123 60 tre,
6511 4326 231 63 dit-on,
6774 4328 44 60 ll
6841 4329 141 61 faut
7008 4334 274 71 espérer
7320 4351 134 54 que
7498 4334 93 61 les
7620 4339 132 64 cha.

6357 4419 210 61 ouchs
6595 4442 219 42 corses
6865 4444 84 40 ne
7005 4425 360 62 viendront
7408 4448 117 53 pas
7564 4439 186 56 conti-

6352 4537 170 38 nuer
6590 4517 175 61 leurs
6828 4518 282 77 exploits
7141 4521 165 61 dans
7349 4522 99 61 les
7503 4525 243 74 prisons

6352 4611 579 75 métropolitaines.

6433 4726 26 27 «
6482 4706 57 57 A
6566 4715 147 51 tous
6741 4707 95 60 les
6865 4706 223 75 points
7145 4708 82 61 de
7271 4731 145 47 vue,
7464 4713 61 60 la
7555 4714 188 66 Corse

6348 4808 103 50 est
6477 4799 171 63 donc
6675 4821 87 40 un
6793 4820 159 57 pays
6974 4802 302 75 primitif,

6858 4912 143 63 F...
7042 4911 261 67 André
7338 4915 327 68 Lorulot.

6422 4998 179 58 Duie
6626 5017 161 40 once
6811 4998 80 60 di
6923 5002 213 59 virità
7173 5006 453 59 accumudate
7669 5030 66 40 cu

6345 5109 94 39 un
6457 5098 288 54 cantaru
6771 5093 77 59 di
6894 5094 395 75 disprezzu.
7318 5099 253 61 Amore
7602 5086 152 87 pin-

6341 5191 170 54 zufu
6539 5205 38 39 e
6603 5193 203 63 tantu
6832 5188 211 60 basta
7067 5191 33 58 !

6626 5379 852 101 L'Almanaccu

6447 5612 609 81 L'Almanaccu
7130 5618 85 77 di
7277 5620 80 77 A
7436 5622 294 78 Muvra

6336 5739 151 79 per
6524 5740 180 79 1925
6748 5723 43 70 è
6829 5723 336 75 surtitu!
7211 5723 144 76 208
7406 5728 319 101 pagine!

6318 5827 161 67 Too
6546 5820 328 105 disegni
6928 5827 16 71 !
7027 5824 40 76 8
7113 5853 373 53 canzone
7546 5856 103 53 cu
7695 5858 32 48 a

6338 5924 327 77 musica
6708 5928 16 69 !

6446 6025 36 76 Ï
6551 6029 154 100 più
6748 6048 216 83 gran
7014 6032 370 78 scrivani
7423 6058 44 50 e
7495 6043 233 94 pueta

6342 6130 214 75 corsi
6600 6156 17 50 :
6665 6132 269 76 Santu
6996 6133 471 99 Casanova,
7550 6138 178 75 Luc-

6344 6232 312 95 ciardi,
6748 6236 496 99 Maistrale,
7337 6243 390 75 Martinu

6345 6336 651 108 Appinzapalu,
7094 6347 68 76 U
7213 6343 512 107 Strampala-

6347 6445 117 89 tu,
6516 6441 69 78 U
6625 6443 667 105 Sampetracciu,
7327 6448 390 93 Tristani,

6343 6544 299 78 Marco
6704 6548 357 104 Angeli,
7137 6553 89 75 d’
7238 6552 486 78 Altimonti

6341 6647 444 99 Minicale,
6831 6655 359 77 Simonu
7240 6657 95 74 di
7372 6658 74 74 li
7478 6658 239 91 Lecci,

6346 6747 590 137 Sambucucciu
6970 6759 98 75 di
7103 6758 398 98 Casinca,
7536 6762 188 76 Bor-

6528 6858 96 22 239
6758 6861 45 19 7)
