8794 12309
1009 561 99 98 RER
1303 561 197 98 ee

770 772 242 145 Una
1069 766 547 169 congiura
1692 775 399 131 contro
2166 773 39 133 i
2259 770 494 177 francesi
2812 835 68 91 a
2949 789 349 144 Malta

663 1226 49 60 {l
742 1217 159 59 fatto
923 1202 119 60 che
1071 1205 99 48 sto
1201 1211 118 54 per
1361 1207 268 40 narrare
1661 1192 36 55 è
1749 1190 247 73 rigoro-

596 1315 285 69 camente
911 1292 271 65 storico:
1215 1283 185 58 tuttii
1433 1280 271 58 cronisti
1737 1285 253 57 maltesi

592 1410 121 130 dell
742 1416 200 64 epoca
972 1410 80 39 ne
1083 1377 266 108 parlano
1386 1374 483 69 diffusamente,
1917 1379 78 56 ed

592 1523 36 54 è
665 1515 220 53 strano
916 1500 184 46 come
1122 1490 147 43 esso
1299 1470 97 56 sia
1437 1469 274 57 rimasto
1767 1489 229 39 scono-

592 1536 200 144 sciuto
830 1588 207 60 finora
1076 1567 128 74 agli
1236 1561 222 60 storici
1503 1561 169 59 della
1704 1561 290 70 Corsica,

592 1704 148 58 dato
770 1685 119 60 che
918 1675 43 58 il
1009 1655 362 85 principale
1425 1656 450 70 protagonista
1931 1656 65 57 di

595 1787 230 85 questo
848 1759 399 81 sanguinoso
1278 1749 321 65 dramma,
1625 1768 111 38 era
1787 1770 86 36 un
1931 1747 71 59 fi-

565 1873 158 95 glio
766 1864 165 78 delle
960 1849 190 69 verde
1184 1832 205 121 Cirno.

672 1974 218 63 Prima
920 1953 153 79 però
1094 1942 62 60 di
1191 1953 273 41 iniziare
1485 1934 42 56 il
1560 1946 307 47 racconto
1896 1953 108 39 oc-

601 2085 187 46 corre
828 2058 154 55 dare
1028 2031 131 69 uno
1213 2028 287 73 sguardo
1553 2028 129 74 agli
1739 2028 264 57 avveni-

592 2154 201 68 menti
824 2148 120 56 che
971 2141 62 53 lo
1055 2119 472 87 precedettero.

666 2229 297 103 Allorchè
1006 2223 44 58 il
1083 2234 69 59 17
1195 2216 205 85 luglio
1452 2230 170 59 1797,
1655 2215 44 56 il
1755 2181 246 117 barone

594 2349 231 55 boemo
824 2313 444 71 Ferdinando
1306 2312 66 58 di
1403 2297 399 87 Hompesch,
1850 2327 155 38 ven-

591 2455 81 42 ne
694 2429 193 58 eletto
919 2409 264 61 Grande
1228 2406 283 71 Maestro
1541 2404 104 59 del
1690 2402 312 60 Sovrano

592 2522 248 67 Ordine
867 2502 596 66 Gerosolomitano,
1497 2507 235 65 questa
1786 2490 211 78 antica

589 2645 34 36 e
649 2610 284 81 gloriosa
977 2594 374 61 istituzione
1405 2592 304 66 militare,
1761 2600 174 47 sorta
1965 2608 37 36 a

584 2710 212 61 difesa
840 2694 169 62 della
1056 2687 404 66 Cristianità,
1526 2703 111 39 era
1692 2683 69 57 in
1808 2681 194 73 pienà

592 2796 393 68 decadenza.
1020 2784 89 58 Le
1148 2798 222 40 nuove
1399 2798 36 36 e
1462 2775 368 72 pericolose
1857 2773 146 57 idee

587 2894 166 64 della
827 2870 431 75 Rivoluzione
1312 2870 322 66 francese,
1706 2884 295 39 avevano

591 2993 253 59 trovato
874 2998 35 37 a
934 2971 215 63 Malta,
1176 2966 225 74 pochi
1412 2984 107 46 ma
1574 2960 232 60 audaci
1854 2958 150 59 ade-

594 3078 192 68 renti,
811 3067 217 78 pronti
1070 3085 37 38 a
1140 3057 322 78 qualsiasi
1497 3057 308 65 cimento,
1841 3073 162 71 pure

586 3180 62 56 di
693 3168 334 62 abbattere
1080 3159 44 57 il
1180 3154 293 61 secolare
1528 3149 294 60 dominio
1894 3128 105 93 del

588 3259 342 73 Cavalieri.

665 3349 217 70 Erano
905 3348 204 72 tempi
1142 3328 350 92 procellosi
1528 3361 116 54 per
1689 3337 309 72 l’Europa

587 3456 75 61 ed
692 3452 44 58 il
769 3451 177 58 buon
980 3437 398 74 Hompesch,
1414 3455 117 54 per
1559 3442 250 66 quanto
1842 3432 160 57 rela-

587 3550 364 59 tivamente
979 3552 243 44 ancora
1251 3533 302 74 giovane,
1587 3547 110 40 era
1719 3525 283 73 comple-

587 3646 291 55 tamente
906 3630 292 61 inadatto
1229 3625 237 60 all’alto
1500 3623 219 61 ufficio
1748 3621 60 58 al
1845 3640 157 54 qua-

586 3739 59 57 le
673 3751 110 39 era
827 3738 169 48 stato
1025 3732 292 50 assunto.

659 3822 257 65 L'isola,
991 3813 579 78 magnificamente
1627 3811 368 69 fortificata,
2039 3829 6 7 ;

595 3923 227 59 faceva
850 3914 149 74 gola
1027 3912 127 57 alla
1197 3910 298 69 Francia,
1529 3907 471 73 specialmente

581 4019 171 70 dopo
782 4006 305 62 l'infelice
1129 4004 318 60 tentativo
1477 4003 66 58 di
1572 4002 220 58 alcuni
1840 4001 156 57 anni

586 4110 212 75 prima
820 4114 230 49 contro
1080 4101 62 57 la
1172 4098 362 84 Sardegna.

664 4203 50 57 Il
740 4197 358 63 Direttorio
1129 4215 84 38 ne
1241 4211 205 41 aveva
1478 4190 225 60 deciso
1735 4187 264 61 senz’al-

583 4311 99 46 tro
712 4296 61 56 la
793 4289 350 76 conquista
1172 4289 102 59 sin
1292 4287 109 59 dal
1423 4283 358 60 settembre
1812 4295 145 57 1797
1980 4297 13 35 :

581 4393 66 55 in
679 4397 252 65 quanto
961 4385 60 58 al
1051 4394 312 63 pretesto,
1417 4398 147 40 esso
1612 4377 54 60 si
1724 4373 275 61 sarebbe

585 4483 378 61 facilmente
984 4490 259 47 trovato
1272 4476 62 59 al
1383 4482 339 74 momento
1764 4488 234 56 oppor-

576 4591 191 46 tuno.
804 4576 88 58 La
921 4575 222 75 piazza
1164 4572 65 58 di
1261 4570 298 76 Valletta,
1611 4570 389 70 rappresen-

576 4675 155 56 tava
764 4691 119 52 per
919 4670 66 58 la
1014 4668 183 58 ftotta
1225 4665 323 62 francese,
1574 4681 89 40 un
1695 4670 206 64 punto
1930 4656 65 57 di

578 4766 326 74 appoggio
935 4763 63 57 di
1018 4762 216 73 primo
1265 4759 235 59 ordino
1533 4756 171 59 nella
1760 4770 236 58 guerra

583 4859 332 60 mariuma
934 4866 228 49 contro
1184 4846 461 88 l'Inghilterra.
1671 4846 316 88 L'Armata

583 4954 238 73 partita
841 4952 82 70 da
953 4949 252 58 Tolone
1236 4947 101 59 sul
1368 4945 193 60 finire
1588 4934 106 68 del
1721 4938 276 77 maggio

581 5049 328 57 dell’anno
941 5042 397 65 successivo,
1361 5041 55 58 si
1454 5049 393 62 presentava
1880 5036 120 56 im-

581 5140 536 77 provvisamente
1144 5135 556 83 all'imboccatura
1731 5130 103 57 del
1854 5147 147 54 por-

581 5249 63 47 to
674 5236 66 56 di
784 5231 276 61 Valletta
1089 5229 44 58 il
1176 5242 34 59 9
1240 5228 271 73 giugno,
1546 5223 364 70 chiedendo
1931 5222 94 63 di.

586 5327 325 61 rifornirsi
942 5326 65 56 di
1036 5342 232 54 acqua.
1291 5319 97 58 Va
1419 5329 224 63 notato
1682 5317 121 59 che
1832 5316 166 58 sulla

606 5433 227 63 regata
862 5419 298 59 francese
1192 5428 33 30 “
1260 5415 238 73 Orient
1531 5432 24 29 »
1590 5410 330 58 trovavasi
1952 5409 48 58 il

585 5538 147 55 gen.
797 5513 381 73 Napoleone
1233 5494 377 109 Bonaparte,
1686 5504 46 58 il
1803 5502 199 74 quale

584 5632 106 40 era
721 5620 170 49 stato
922 5607 405 80 l'animatore
1359 5601 63 59 di
1462 5590 234 84 questa
1726 5597 276 106 spedizi-

521 5725 212 42 .-one.

577 7872 297 68 dichiarò
896 7870 247 75 sciolto
1149 7867 303 61 l'Ordine
1477 7886 38 37 e
1547 7886 82 37 ne
1669 7866 254 67 scacciò
1969 7863 20 57 1

659 5793 455 76 L'Hompesch,
1207 5757 410 92 all'inattesa.
1670 5786 328 58 domanda

585 5912 203 37 aveva
821 5887 344 74 dapprima
1203 5871 475 70 formulato:un
1710 5890 180 48 netto
1919 5877 84 60 ri-

586 5985 180 68 fiuto,
792 6002 106 40 ma
929 5982 108 73 poi
1069 5999 115 56 per
1226 5975 323 73 consiglio
1578 5975 63 57 di
1683 5974 314 58 eminenti

583 6076 394 78 personaggi
1041 6071 428 62 dell'Ordine,
1541 6088 217 41 aveva
1814 6066 185 59 finito

584 6194 117 55 per
728 6161 482 71 acconsentire.
1239 6165 248 71 Questa
1520 6139 309 136 debolezza
1870 6126 101 141 gli
2000 6160 22 103 |

587 6268 64 58 fu
682 6265 216 79 fatale.

655 6354 271 95 Truppe
978 6369 281 61 francesi
1318 6369 405 57 sbarcarono
1775 6366 228 57 imme-

579 6474 399 57 diatamente
1018 6463 325 58 nell'isola
1384 6478 37 39 e
1463 6478 32 39 s
1502 6435 501 110 'impadroniro-

585 6586 85 38 no
727 6562 172 57 della
956 6556 308 73 capitale:
1314 6552 47 57 il
1427 6564 68 45 12
1542 6553 251 70 giugno
1855 6537 151 85 1798

586 6654 297 61 l'Ordeni
917 6652 297 59 Sovrano
1265 6643 280 61 Militare
1611 6644 67 56 di
1722 6642 280 66 Gerusa-

586 6746 353 69 lemme,
855 6735 105 84 di
971 6743 166 61 Rodi
1167 6763 36 38 e
1231 6742 66 58 di
1353 6739 221 67 Malta,
1605 6757 203 38 aveva.
1866 6757 136 37 ces-

586 6853 140 49 sato
757 6841 64 58 di
855 6840 273 57 esistere
1156 6856 117 54 per
1295 6834 222 59 volere
1542 6832 105 58 del
1675 6850 153 53 gen.
1882 6830 121 77 Bo-

577 6922 292 91 naparte.
891 6922 433 91 L’Hompesch
1367 6936 310 48 costretto
1699 6945 39 37 a
1773 6926 259 56 rinun-.

582 7031 172 58 ciare
783 7027 126 58 alla
956 7023 336 61 sovranità
1326 7018 417 81 territoriale,
1774 7017 227 61 faceva

575 7125 163 67 vela,
768 7142 78 38 su
890 7121 193 72 legno
1115 7116 347 64 austriaco,
1486 7133 115 53 per
1641 7111 277 60 Trieste.

653 7218 375 70 Bonaparte
1081 7212 291 74 promise
1424 7209 60 57 ai
1540 7197 277 74 Maltesi,
1877 7206 122 58 che

575 7311 364 59 avrebbero
980 7319 198 46 avuto
1207 7302 228 79 come
1390 7298 30 87 i
1466 7302 214 70 Corsi,
1731 7321 257 53 rappre-

575 7397 289 66 sentanti
889 7400 223 78 propri
1141 7418 36 37 a
1209 7398 240 72 Parigi,
1480 7384 83 98 che
1591 7388 99 70 la
1725 7395 257 74 religio-

574 7517 98 47 ne,
708 7498 62 59 la
800 7498 236 72 lingua
1024 7486 74 88 e
1144 7493 90 73 gli
1256 7492 101 58 usi
1388 7490 105 59 del
1539 7509 198 52 paese
1777 7490 217 58 sareb-

554 7591 177 62 bero
756 7591 151 59 stati
931 7587 350 75 rispettati.

644 7685 211 60 Istituì
886 7703 38 39 a
952 7673 302 69 tamburo
1300 7680 289 57 battente
1627 7698 92 37 un
1757 7695 230 55 gover-

577 7798 79 38 no
686 7778 285 76 speciale
997 7785 342 62 composto
1370 7772 65 58 di
1480 7790 171 40 nove
1681 7770 299 67 membri,

567 7950 355 85 Cavalieri,
951 7963 187 60 salvo
1164 7960 212 76 poche
1405 7959 352 64 eccezioni,
1780 7957 203 59 fondò

574 8077 121 40 una
725 8058 543 76 organizzazione
1309 8055 312 83 militare,
1646 8052 174 57 aboli
1850 8051 139 57 l’U-

573 8152 315 58 niversità
906 8138 633 72 sostituendovi.una
1562 8130 239 75 Scuola
1810 8145 172 69 Cen-

539 8246 214 71 _trale,
786 8246 82 58 ed
924 8246 264 72 espulse
1241 8242 151 60 tutti
1419 8242 26 77 i
1466 8240 331 79 religiosi,
1857 8256 134 51 non

574 8341 199 56 nativi
804 8339 171 58 delle
1006 8339 164 65 isole
1197 8337 77 58 di
1295 8327 218 73 Malta,
1548 8322 182 71 Gozo
1774 8323 41 68 e
1870 8330 123 59 Co-

574 8433 199 58 mino.
810 8432 151 59 Vari
985 8431 182 61 editti
1197 8431 82 58 da
1301 8429 91 59 lui
1423 8426 285 60 emanati
1738 8428 68 78 in
1868 8437 156 45 ma::

576 8528 157 56 teria
779 8526 329 74 religiosa,
1161 8524 78 58 ed
1275 8523 352 58 offensivi
1584 8519 30 85 -
1637 8500 124 99 del
1769 8502 249 105 _senti-.

580 8631 220 62 mento
829 8619 169 59 della
1028 8617 457 75 popolazione,
1517 8589 267 84 furono
1792 8615 45 55 il
1859 8632 141 54 ger-

581 8729 96 41 me
710 8713 107 58 dei
848 8711 203 74 futuri
1083 8712 177 75 guai.
1293 8707 251 61 Partito
1572 8708 46 88 il
1663 8705 330 74 generale,

578 8803 234 59 diretto
842 8806 66 58 in
956 8805 237 73 Egitto,
1214 8805 19 57 i
1258 8803 65 59 di
1358 8803 93 56 lui
1481 8801 366 66 successori
1881 8801 119 55 im-

576 8915 231 53 posero
872 8901 60 56 ai
979 8898 293 58 cittadini
1320 8897 164 57 dure
1541 8893 171 73 leggi
1764 8892 226 62 fiscali,

578 8988 246 60 balzelli
870 8992 282 73 enormi,
1193 8990 340 74 aggravati
1594 9007 118 53 per
1758 8986 264 73 ‘giunta.

575 9080 165 62 dalla
812 9085 451 59 diminuzione
1306 9081 175 73 degli
1536 9079 307 60 interessi
1889 9078 106 55 dei

566 9173 241 62 Monti.
825 9179 84 59 Si
928 9197 230 41 venne
1185 9178 135 66 così
1344 9174 330 70 creando
1698 9193 109 38 un
1829 9171 168 72 peri-

582 9270 219 59 coloso
850 9282 168 49 stato
1064 9274 68 56 di
1176 9268 405 80 irritazione,
1638 9265 123 57 che
1820 9263 174 58 andò

515 9365 523 73 "aumentando,
1095 9366 146 58 sino
1272 9383 36 37 a
1353 9359 156 60 farsi
1566 9357 425 63 minaccioso,

578 9453 287 65 allorchè
885 9460 54 58 si
972 9458 380 73 procedette
1382 9454 62 55 al
1471 9451 523 72 depredamento

580 9543 167 77 degli
778 9552 247 73 oggetti
1083 9551 106 56 del
1243 9546 200 65 culto,
1494 9544 298 57 esistenti
1822 9539 173 59 nelle

532 9670 16 7 -
577 9637 233 75 Chiese,
841 9645 106 58 nei
1003 9639 360 63 monasteri
1422 9657 34 38 e
1502 9635 175 73 negli
1738 9632 259 60 «alber-

511 9746 37 19 RA

575 9731 106 71 ghi
706 9756 29 28 »
767 9738 175 57 delle
969 9735 179 60 varie
1169 9734 249 69 lingue.
1466 9728 103 58 Ad
1614 9727 382 74 esasperare

578 9831 520 70 maggiormente
1164 9825 89 75 gli
1308 9823 227 63 animi,
1591 9821 196 56 tuttii
1841 9819 153 84 beni

521 9921 507 69 .appartenenti
1051 9919 127 73 agli
1219 9915 218 68 ordini
1491 9912 290 73 religiosi
1818 9911 178 59 veni-

520 10013 25 43 .
576 10026 167 44 vano
789 10011 386 60 incamerati
1196 10009 109 56 dal
1334 10024 226 40 nuovo
1601 10003 312 60 Governo
1960 10023 38 37 e

576 10104 271 58 venduti
878 10121 37 37 a
947 10094 418 75 vile-prezzo.

648 10196 24 56 I
705 10192 293 74 generali
1023 10189 289 57 Vaubois
1341 10206 47 36 e
1410 10152 342 109 Regnaud,
1793 10185 68 57 1l
1871 10185 133 69 pri-

572 10303 106 39 mo
709 10295 436 62 governatore
1178 10278 282 57 militare
1488 10275 83 72 ed
1612 10275 44 57 il
1704 10273 289 59 secondo

538 10365 5 20 ‘
572 10386 438 62 governatore
1036 10372 189 59 civile
1256 10369 176 58 delle
1457 10368 188 67 isole,
1690 10369 57 56 si
1790 10375 202 49 erano

533 10528 7 7 .
575 10469 260 60 alienati
895 10469 68 57 in
1005 10465 212 76 poche
1262 10462 350 60 settimane
1654 10479 36 37 a
1746 10460 249 84 motivo

576 10561 99 57 dei
698 10564 144 58 loro
890 10561 177 60 modi
1096 10557 345 62 autoritari
1497 10574 39 39 e
1591 10555 396 73 prepotenti,

577 10647 58 60 la
662 10652 242 60 fiducia
951 10675 37 37 e
1016 10654 61 57 la
1106 10651 307 76 simpatia
1453 10647 107 59 dei
1590 10647 281 60 maltesi:
1928 10646 65 58 lo

578 10752 203 53 stesso
872 10749 205 59 dicasi
1120 10748 128 59 dei
1282 10743 292 76 generali
1633 10741 272 58 Chanez
1958 10760 37 38 e

583 10831 324 80 Brouand,
942 10840 426 63 comandanti
1424 10839 59 58 la
1529 10837 460 75 guarnigione,

584 10933 161 54 rozzi
774 10935 82 55 ed
883 10938 355 74 arroganti.
1276 10936 149 58 Non
1454 10933 63 58 vi
1550 10935 36 57 è
1619 10931 231 76 quindi
1909 10930 81 58 da

585 11026 462 72 meravigliarsi
1078 11021 71 70 se
1194 11033 61 57 la
1291 11029 241 94 notizia
1562 11028 170 58 della
1790 11026 203 59 batta-

584 11106 122 67 glia
750 11122 234 58 navale
1028 11126 63 56 di
1151 11124 317 66 Aboukir,
1494 11119 315 77 perduta
1887 11120 104 58 dai

550 11192 308 75 «francesi
904 11228 228 49 contro
1179 11221 90 73 gli
1316 11207 264 84 inglesi
1602 11216 391 73 rallegrasse

569 11300 165 53 tutti
785 11315 85 62 gli
918 11325 241 64 isolani
1211 11330 231 61 fedeli
1461 11327 131 58 alle
1644 11326 348 58 tradizioni

595 11375 98 80 de]
737 11403 272 72 Passato.

668 11475 49 58 Il
743 11475 308 101 fermento
1097 11536 131 41 non
1258 11516 191 61 tardò
1475 11534 39 37 a
1546 11511 351 75 scoppiare
1920 11511 69 57 in

593 11581 218 53 aperta
841 11583 350 93 ribellione,
1235 11611 83 58 ed
1348 11608 169 60 ebbe
1547 11606 190 56 ilsuo
1791 11604 199 56 inizio

564 11648 60 55 -f

619 11671 67 42 ra
718 11660 59 60 la
809 11688 418 72 Popolazione
1254 11701 237 59 rurale.
1527 11701 56 56 A
1611 11697 251 58 motivo
1884 11693 104 58 del

588 11749 131 117 tras
732 11749 184 117 porto
951 11783 108 59 ‘di
1083 11795 297 69 apparati
1429 11790 169 60 della
1639 11804 350 59 soppressa

2062 4557 222 58 «dente
2314 4571 60 44 ».

2080 1195 223 61 chiesa
2357 1203 103 57 del
2506 1207 334 69 Carmine,
2901 1235 301 40 avvenne
3251 1240 90 36 un
3411 1232 99 44 tu-

2083 1290 211 57 inulto
2325 1294 275 60 durante
2632 1302 42 54 il
2708 1305 196 68 quale
2937 1306 314 60 rimasero
3302 1313 203 55 uccisi

2081 1378 47 58 il
2159 1401 166 53 capo
2354 1387 168 55 della
2567 1393 444 71 guarnigione
3039 1397 165 55 della
3239 1401 268 58 Notabi-

2081 1472 85 67 le,
2201 1475 127 56 tale
2363 1477 261 57 Masson
2658 1482 81 56 ed
2772 1502 87 36 un
2893 1487 275 56 soldato.
3199 1491 86 54 l.a
3316 1493 195 54 solle-

2087 1567 273 57 vazione
2401 1569 53 55 si
2516 1570 375 71 ripercuotè
2945 1578 174 55 nella
3177 1578 331 74 Cospicua

2082 1657 82 55 ed
2196 1659 61 55 al
2288 1657 199 69 Gozo,
2537 1680 126 39 con
2689 1664 147 58 altri
2868 1669 193 55 morti
3094 1688 37 37 e
3183 1669 175 60 feriti
3427 1673 80 56 da

2083 1750 202 55 ambe
2312 1751 60 55 le
2402 1754 189 68 parti.

2164 1840 50 56 Il
2240 1841 306 60 Governo
2589 1864 280 54 sperava
2921 1856 276 56 tuttavia
3275 1858 64 57 di
3398 1859 112 56 do-

2083 1951 149 38 mar
2270 1934 56 56 la
2370 1955 364 56 campagna
2764 1942 61 58 la
2855 1946 194 71 quale
3078 1969 110 37 era
3216 1960 169 46 tutta
3440 1952 67 56 in

2084 2027 169 56 armi
2285 2046 35 37 e
2347 2046 204 41 aveva
2582 2029 197 63 eletto
2808 2056 120 50 per
2953 2042 308 68 generale
3290 2045 68 56 in
3409 2065 102 37 ca-

2088 2137 89 51 po
2209 2119 46 55 il
2285 2119 222 72 signor
2542 2122 363 64 Emanuele
2935 2130 231 65 Vitale,
3218 2135 291 57 assistito

2087 2208 84 56 da
2234 2211 134 58 vari
2429 2214 145 58 altri
2617 2218 259 59 ardenti
2915 2222 285 72 patriotti
3251 2225 256 58 maltesi

2085 2303 183 73 quali
2290 2305 43 58 il
2362 2310 321 60 canonico
2699 2310 327 74 Caruana,
3047 2316 44 59 il
3114 2313 195 65 conte
3328 2319 183 59 Man-

2085 2396 194 72 duca,
2325 2400 260 61 ilconte
2626 2404 276 74 Teuma,
2952 2411 80 57 ed
3074 2411 45 58 il
3165 2413 344 60 marchese

2087 2490 103 58 De
2222 2493 190 65 Piro
2440 2502 357 66 (settembre
2837 2502 212 75 1798).
3082 2507 73 57 In
3203 2529 132 37 una
3383 2509 138 57 riu-

2086 2584 206 59 nione
2320 2589 50 55 si
2417 2593 285 59 reclamò
2732 2596 63 57 la
2837 2599 399 70 protezione
3263 2603 104 57 del
3414 2603 96 58 Re

2087 2675 66 58 di
2187 2677 256 74 Napoli,
2478 2671 325 95 legittimo
2819 2690 146 59 alto
3010 2691 300 62 Sovrano
3358 2696 151 57 dell’

2085 2770 191 70 isola,
2313 2775 76 55 ed
2420 2775 65 58 in
2521 2784 141 67 pari
2701 2791 222 65 tempo
2966 2786 51 56 si
3068 2787 440 62 innalzavano

2090 2881 443 49 nuovamente
2560 2873 88 72 gli
2682 2878 341 58 stendardi
3070 2880 432 60 dell’Ordine.

2166 2957 107 59 Gli
2305 2960 225 62 insorti
2576 2986 133 40 non
2769 2969 459 74 disponevano
3278 2975 121 59 che
3440 2978 64 57 di

2083 3051 117 59 500
2232 3053 177 60 fucili
2455 3067 33 48 è
2534 3058 115 60 800
2704 3062 302 77 schioppi
3036 3067 81 58 da
3160 3071 239 64 caccia,
3471 3090 37 40 e

2085 3147 284 70 qualche
2400 3170 326 43 cannone:
2786 3160 362 59 tuttavia
3071 3143 98 90 il
3202 3164 142 58 loro
3401 3184 106 39 co-

2086 3242 230 72 raggio
2347 3264 127 39 non
2511 3260 218 48 venne
2757 3254 131 56 mai
2921 3273 194 42 meno
3140 3257 170 58 nella
3340 3260 163 72 dura

2084 3332 163 59 lotta
2278 3348 223 61 contro
2546 3341 63 59 lo
2655 3346 346 60 straniero.

2166 3427 51 59 Il
2244 3450 153 53 gen.
2431 3426 313 81 Vaubois,
2771 3440 123 57 che
2924 3461 205 41 aveva
3153 3455 252 49 tentato
3446 3446 60 58 le

2084 3522 109 57 vie
2236 3524 167 60 della
2459 3531 478 62 conciliazione
2992 3556 123 40 con
3164 3559 349 51 promesse

2085 3615 66 57 di
2185 3620 219 70 sgravi
2427 3615 225 79 fiscali,
2688 3625 230 61 vistosi
2951 3632 293 74 respinto
3298 3633 206 73 pigliò

2083 3711 62 58 la
2177 3712 121 59 via
2313 3715 100 57 del
2443 3716 235 84 rigore.

2164 3805 127 60 Fra
2316 3807 86 73 gli
2443 3811 354 72 animatori
2846 3817 126 72 più.
3029 3788 254 89 risoluti
3332 3820 172 59 della

2083 3902 287 58 cacciata
2399 3905 103 58 dei
2532 3897 286 71 francesi
2842 3912 402 70 dall'isula,si
3275 3914 233 57 distin-

2080 4014 217 53 gueva
2326 3997 41 57 il
2414 4000 305 83 capitano
2768 4002 375 74 Guglielmo
3201 4006 299 70 Lorenzi,

2074 4090 237 59 nativo
2342 4090 166 60 della
2540 4092 296 71 Corsica,
2864 4116 102 38 ma
3014 4109 243 48 venuto
3306 4119 37 38 a
3379 4111 128 47 sta-

2084 4181 211 60 bilirsi
2336 4204 35 37 a
2414 4185 197 80 Malta
2658 4187 103 59 sin
2818 4189 84 56 da
2969 4191 391 71 giovinetto.
3394 4191 113 59 Se-

2081 4277 220 56 condo
2336 4267 77 67 lo
2444 4279 247 58 storico
2737 4280 318 78 Vassallo,
3120 4285 130 70 egli
3295 4304 210 39 aveva

2080 4368 410 73 corseggiato
2540 4382 234 49 contro
2832 4372 19 58 1
2913 4374 416 61 barbareschi
3388 4398 117 50 per

2081 4463 269 73 proprio
2393 4475 193 48 conto
2629 4486 38 37 e
2704 4480 30 29 «
2764 4486 126 40 con
2908 4467 265 61 fortuna
3199 4490 308 54 sorpren-

2413 4557 191 60 Ilsuo
2639 4561 239 64 valore
2918 4564 77 55 ed
3051 4563 45 59 il
3144 4584 121 39 suo
3337 4565 171 58 ardi-

2083 4664 252 58 mento,
2357 4647 316 89 rimasero
2687 4647 437 89 proverbiali.
3158 4658 142 74 Egli
3354 4679 153 40 ave-

2082 4766 84 37 va
2188 4747 67 56 di
2281 4748 104 71 poi
2415 4768 194 52 preso
2669 4750 281 60 servizio
3003 4753 172 58 nella
3247 4755 268 76 marina

2055 4860 226 39 .russa
2334 4843 105 58 nel
2511 4843 171 73 1787,
2743 4866 126 39 ove
2924 4847 304 60 Caterina
3288 4851 80 67 II,
3409 4851 94 74 gli

2058 4954 238 60 aveva
2324 4937 261 60 affidato
2615 4939 45 57 il
2692 4943 327 58 comando
3052 4943 63 57 di
3141 4965 132 38 una
3293 4945 208 69 flotta,

2081 5030 127 57 che
2237 5031 66 58 in
2381 5033 150 72 quel
2583 5045 223 63 tempo
2855 5056 286 54 operava
3202 5049 234 49 contro
3484 5040 20 57 i

2086 5123 241 59 turchi.
2358 5126 307 59 Allorchè
2694 5129 54 57 si
2776 5148 112 38 era
2924 5130 254 60 ritirato
3222 5133 106 57 dal
3372 5153 137 38 ser-

2085 5218 175 58 vizio
2298 5218 466 87 l’Imperatrice
2811 5225 92 72 gli
2937 5245 205 39 aveva
3187 5245 318 41 concesso

2084 5310 56 89 il
2152 5310 213 89 grado
2393 5314 65 59 di
2486 5318 399 58 colonnello.
2920 5322 54 55 A
3004 5320 197 58 Malta
3231 5322 148 57 tutti
3399 5340 109 54 pe-

2084 5408 76 57 rò
2201 5407 67 59 lo
2291 5408 444 73 chiamavano
2774 5410 533 111 semplicemente
3345 5441 29 31 «
3407 5435 101 37 ca-
3502 5409 56 84 |

2082 5502 233 69 pitano
2354 5503 377 74 Guglielmo
2762 5533 59 31 ».

2167 5595 233 78 Fedele
2422 5588 383 80 all’Ordiné,
2823 5604 260 57 nemico
3111 5604 258 75 giurato
3401 5562 101 101 dei

2082 5685 313 75 francesi,
2429 5704 439 71 quantunque
2906 5696 340 74 dapprima
3280 5698 51 57 si
3380 5696 130 60 fos-

2083 5803 78 54 se
2192 5784 335 82 rifiutato,
2530 5788 223 57 scrive
2781 5788 44 57 il
2851 5788 359 75 Boisgelin,
3241 5792 64 55 di
3330 5792 176 58 unir-

2083 5880 60 56 si
2191 5878 129 74 agli
2365 5880 241 58 insorti
2651 5881 173 59 della
2866 5903 386 54 campagna,
3305 5904 202 39 aveva

2084 5972 222 59 vrdito
2334 5978 127 53 una
2490 5975 343 72 congiura,
2868 5996 115 52 per
3039 5977 481 74 impadronirsi.

2046 6075 34 73 |
2085 6066 70 57 di
2198 6076 303 63 sorpresa
2540 6067 107 72 dei
2704 6067 173 67 forti,
2927 6090 36 36 e
3016 6070 411 75 costringere
3462 6074 45 56 il

2085 6158 155 74 gen.
2277 6159 288 60 Vaubois
2594 6162 128 56 alla
2766 6180 165 40 resa.
2967 6162 52 58 Il
3049 6175 299 62 progetto
3396 6184 112 39 era

2083 6250 273 82 quanto.
2359 6250 130 82 mai
2519 6255 358 57 temerario
2918 6274 35 39 e
2983 6255 361 61 di-difficile
3371 6277 139 40 ese-

2085 6345 298 58 cuzione.
2422 6345 126 58 Per
2577 6356 250 66 quanto
2849 6348 62 56 la
2940 6367 151 39 cosa
3114 6369 134 37 non
3278 6350 97 58 sia
3396 6341 116 66 an-

2084 6455 158 36 cora
2278 6436 165 71 bene
2470 6429 327 66 accértata
2836 6439 262 59 sembra
3140 6439 120 59 che
3289 6442 45 56 il
3370 6453 140 47 mo-

2084 6539 69 48 to
2184 6530 280 57 dovesse
2491 6531 349 72 scoppiare
2863 6527 74 76 la
2955 6551 143 39 sera
3129 6532 102 57 del
3259 6546 65 45 10
3352 6532 158 74 gen-

2086 6623 157 56 naio
2276 6635 164 60 1799,
2482 6634 260 48 mentre
2770 6624 46 57 il
2844 6626 310 73 generale
3200 6628 309 59 suddetto

2085 6735 129 40 con
2245 6727 164 47 tutta
2438 6715 384 61 l’ufficialità
2851 6721 380 57 trovavansi
3263 6721 79 58 ad
3375 6731 132 50 una

2085 6822 220 47 serata
2345 6810 64 58 di
2430 6812 146 72 gala
2598 6811 62 58 al
2697 6822 234 49 teatro.
2965 6813 69 59 Si
3081 6813 277 71 doveva,
3406 6804 106 72 co-

2082 6925 114 40 me
2224 6906 213 73 primo
2457 6905 199 73 colpo
2701 6907 363 73 pugnalare
3100 6909 19 55 i
3150 6908 236 60 soldati
3444 6911 65 75 di

2082 7000 278 74 guardia
2402 6999 124 74 alle
2562 7010 210 64 porte,
2805 7000 139 58 indi
2998 7014 331 46 avvenuta
3384 7004 127 58 l'ir-

2084 7094 279 59 ruzione
2376 7094 80 81 in
2486 7092 157 60 città
2678 7093 109 59 dei
2855 7096 338 57 contadini
3246 7091 258 70 armati,

2082 7171 331 85 attaccare
2439 7173 47 71 il
2507 7180 281 65 Palazzo
2810 7188 105 57 del
2946 7187 329 62 Governo.

2167 7281 91 57 La
2306 7291 174 48 notte
2499 7280 283 73 dunque
2806 7281 107 59 del
2944 7296 69 45 10
3042 7285 286 73 gennaio
3386 7296 126 46 ter-

2080 7371 254 61 minata
2431 7375 55 56 la
2556 7378 647 70 rappresentazione,
3288 7379 221 58 alcuni

2081 7468 274 58 ufficiali
2429 7468 308 70 francesi,
2836 7471 537 59 nell’imbarcarsi
3475 7492 36 37 a

2083 7552 551 83 Marsamuscetto
2667 7583 118 52 per
2815 7566 246 73 recarsi
3089 7566 58 56 al
3178 7565 172 61 forte
3376 7565 139 61 Ma-

2080 7652 158 63 noel
2271 7657 284 59 intesero
2606 7656 83 58 ad
2752 7679 88 38 un
2888 7669 198 49 tratto
3137 7661 146 59 voci
3337 7650 176 70 som-

2079 7769 224 39 messe
2333 7750 119 59 che
2464 7751 349 72 partivano
2825 7752 171 59 dalle
3025 7753 220 60 vicine
3267 7758 236 55 roccie.

2081 7833 410 85 Insospettiti
2531 7845 273 59 diedero
2848 7837 345 80 l'allarme,
3235 7868 38 39 e
3327 7857 183 51 man-

2079 7937 261 60 darono
2368 7928 132 69 uno
2530 7939 104 58 dei
2660 7940 143 56 loro
2832 7929 43 68 il
2901 7949 268 51 tenente
3199 7928 304 77 Roussel,

2078 8050 133 45 cou
2230 8028 229 81 alcuri
2481 8028 264 81 soldati,
2777 8053 119 52 per
2926 8034 240 58 vedere
3184 8036 66 57 di
3272 8035 122 59 che
3452 8037 53 57 si

2081 8126 307 57 trattava.
2446 8124 32 81 I
2525 8126 395 92 cospiratori
2944 8120 196 102 —che
3200 8130 113 56 tali
3368 8132 139 54 erà-

2043 8271 12 18 |
2080 8237 92 39 NO
2191 8251 82 10 —
2312 8194 325 101 credendo
2670 8219 79 81 di
2782 8238 197 41 avere
3006 8239 38 39 a
3074 8220 120 58 che
3220 8220 145 60 fare
3378 8218 127 63 con

2081 8329 96 38 un
2206 8295 250 89 grande
2495 8323 283 50 numero
2822 8315 67 57 di
2928 8314 305 69 francesi,
3259 8316 54 58 si
3351 8334 177 39 con--

2080 8403 232 60 fusero
2341 8426 33 37 e
2403 8408 106 59 nel
2538 8411 303 72 maggior
2869 8410 339 58 disordine
3237 8410 56 58 si
3313 8409 197 59 sban-

2080 8499 280 77 darono:
2406 8503 215 58 alcuni
2680 8503 53 57 si
2781 8514 346 61 gettarono
3185 8505 66 56 in
3298 8512 203 59 maré,

2080 8588 155 62 altri
2264 8592 348 79 fuggirono
2636 8621 30 31 «
2690 8617 118 50 per
2829 8598 153 71 quei
3005 8598 162 57 duni
3160 8584 31 91 e
3186 8596 316 59 fossati»

2080 8686 153 58 altri
2291 8686 200 60 infine
2545 8690 57 57 si
2654 8707 355 42 nascosero
3082 8691 128 57 alla
3262 8689 244 73 meglio

2057 8766 203 71 nelle
2288 8781 361 60 vicinanze.
2710 8783 318 72 Inseguiti
3084 8784 285 73 peraltro
3412 8782 94 55 da

2081 8875 419 73 pattuglioni,
2534 8886 491 63 trentaquattro
3068 8877 66 57 di
3164 8877 128 69 essi
3338 8874 99 58 fra
3487 8874 19 55 i

2079 8967 188 69 quali
2305 8969 44 64 il
2404 8968 326 73 capitano.
2770 8968 400 75 Guglielmo,
3219 8969 287 56 caddero

2079 9060 182 58 nelle
2281 9051 176 68 mani
2487 9062 108 57 dei
2624 9061 311 61 francesi.

2133 9153 83 57 -Il
2245 9155 285 79 cronista
2571 9154 323 83 Ransijat,
2945 9164 560 63 contemporaneo

2076 9233 69 68 di
2175 9227 220 96 quegli
2454 9250 450 71 avvenimenti
2934 9268 37 36 e
3043 9248 347 58 favorevole
3443 9250 61 55 ai

2077 9344 291 59 francesi
2398 9364 194 38 narra
2623 9344 109 57 nel
2756 9361 120 39 suo
2936 9366 30 31 «
2990 9340 316 76 Giornale
3328 9353 29 31 »
3382 9340 122 58 che

2076 9439 85 55 ad
2194 9438 324 56 avvertire
2546 9437 176 55 della
2742 9446 275 46 tramata
3051 9430 454 75 cospirazione

2074 9529 66 59 le
2170 9532 284 58 autorità
2478 9528 310 68 francesi,
2823 9527 354 58 sarebbero
3206 9525 148 57 stati.
3417 9525 114 55 al--

2077 9625 159 56 cuni
2277 9624 197 72 greci,
2504 9641 109 39 ma
2661 9622 131 57 tale
2847 9638 260 49 accusa,
3158 9637 135 40 non
3351 9620 153 68 potè

2076 9717 138 57 mai
2246 9735 218 39 essere
2490 9725 298 63 provata.

2159 9809 51 57 Il
2245 9808 270 59 Lorenzi
2547 9807 291 59 tradotto
2869 9806 269 58 davanti
3196 9804 58 55 ai
3299 9803 206 71 tribu-

2083 9904 138 55 nali
2266 9903 79 58 ed
2372 9901 280 57 invitato
2682 9920 44 36 a
2749 9901 203 55 darei
2981 9898 184 57 nomi
3193 9896 106 58 dei
3331 9914 178 39 com-

2076 9995 161 71 plici
2323 9982 223 70 rifiutò
2596 9992 559 72 sdegnosamente
3193 9990 97 55 -di
3346 9987 159 57 farsi

2076 10088 321 57 delatore.
2435 10084 442 59 Condannato
2934 10103 35 51 a
3011 10092 247 67 morte,
3331 10080 176 79 dopo

2078 10197 96 37 un
2218 10176 359 58 sommario
2606 10166 345 113 processo,
2976 10174 255 69 moriva
3280 10188 228 52 corag-

2074 10268 416 71 giosamente
2518 10265 45 56 il
2608 10277 74 42 27
2711 10263 286 73 gennaio
3021 10275 168 59 1799.
3229 10261 49 57 Il
3325 10279 184 39 men-

2075 10361 270 56 zionato
2403 10355 323 74 Ransijat,
2790 10358 217 56 scrive
3071 10380 29 31 «
3134 10353 376 59 Comecchè

2077 10453 310 72 capitano
2410 10451 401 73 Guglielmo,
2843 10459 137 49 non
3036 10437 212 70 abbia
3278 10448 228 58 voluto

2070 10531 309 91 palesare
2397 10547 244 56 alcuno
2663 10544 107 57 dei
2802 10543 329 74 complici:
3157 10542 81 57 ha
3291 10542 217 72 peral-

2075 10653 107 47 tro
2213 10641 395 66 confessato,
2639 10638 178 72 dopo
2871 10638 65 76 la
2977 10641 119 55 sua
3152 10636 350 59 condanna

2075 10736 68 59 di
2176 10754 219 41 essere
2416 10735 96 58 lui
2530 10734 57 73 il
2618 10752 165 53 capo
2794 10725 191 89 della
3032 10725 337 89 congiura,
3394 10729 109 57 al-

2074 10832 65 56 la
2170 10831 198 74 quale
2394 10829 93 72 ha
2506 10827 363 74 soggiunto
2884 10819 281 65 diavere
3195 10827 301 70 pensato,

2075 10926 252 75 perchè
2352 10927 45 56 il
2428 10941 309 41 successo
2767 10923 222 71 gliene
3016 10940 203 54 parve
3268 10921 238 70 agevo-

2075 11059 60 49 e,
2170 11037 261 61 avendo
2461 11046 365 56 osservato,
2882 11033 122 60 che
3029 11033 65 57 le
3155 11032 351 59 sentinelle

2075 11155 37 38 e
2142 11135 19 57 i
2188 11133 182 73 corpi
2402 11132 68 57 di
2497 11129 302 76 guardia,
2833 11128 323 59 facevano
3184 11127 45 57 il
3299 11128 206 69 servi-

2071 11230 109 56 zio
2204 11248 127 37 con
2361 11214 283 86 qualche
2673 11224 413 73 negligenza.
3125 11220 139 73 Egli
3314 11213 215 91 quin:

2074 11322 69 58 di
2176 11321 83 59 ed
2289 11320 205 58 ilsuoi
2527 11316 438 59 confidarono
3006 11307 132 65 coi
3167 11313 269 73 pugnali
3468 11334 38 36 e

2074 11416 106 56 coi
2214 11413 283 59 cartocci
2517 11410 333 59 condurre
2878 11429 38 37 a
2941 11407 287 60 termine
3254 11407 48 55 il
3355 11424 152 52 pro-

2076 11517 190 61 getto
2297 11506 118 56 che
2445 11503 196 58 erain
2672 11502 133 56 tale
2831 11501 188 71 guisa
3065 11499 243 57 ideato:
3332 11497 174 56 ucci-

2073 11599 166 56 dere
2291 11598 64 55 le
2379 11592 353 60 sentinelle
2784 11611 39 37 a
2863 11592 173 70 colpi
3084 11591 65 55 di
3191 11587 306 74 pugnale,

2068 11689 282 73 gettarsi
2383 11686 222 73 poscia
2625 11684 104 56 sui
2759 11684 147 69 capi
2953 11682 62 56 di
3063 11680 293 72 guardia,
3380 11679 124 54 im-

2071 11778 388 74 padronirsi
2488 11776 106 56 dei
2613 11774 146 57 loro
2777 11772 201 59 fucile
3002 11793 41 37 e
3070 11778 263 51 cercare
3370 11778 128 45 con

3586 776 127 56 tale
3771 797 220 41 mezzo
4038 782 65 56 di
4163 782 493 73 signoreggiare
4708 790 60 56 la
4825 790 178 61 città,

3587 871 289 53 mentre1
3910 873 211 56 ribelli
4178 872 171 56 della
4387 891 386 58 campagna,
4824 881 179 56 avvi-

3587 959 118 54 sati
3732 978 125 37 con
3888 965 185 69 segni
4123 962 365 58 avrebbero
4531 971 264 57 assalito
4830 972 171 56 nello

3589 1074 209 67 stesso
3846 1083 205 58 punto
4106 1082 169 46 tutto
4305 1070 43 55 il
4396 1076 253 57 recinto
4708 1091 218 45 estern
4952 1088 47 57 È

3588 1175 120 50 per
3733 1177 380 42 accrescere
4139 1159 38 59 l
4185 1159 374 63 imbarazzo
4607 1188 36 34 e
4673 1169 57 57 la
4775 1168 225 58 confu-

3588 1245 187 59 sione
3805 1250 167 58 della
4002 1252 510 71 guarnigione»,

3667 1337 97 58 Da
3794 1341 147 57 altri
3975 1343 340 72 ragguagli
4346 1342 52 55 si
4433 1350 356 66 apprende.
4824 1352 121 56 che
4982 1352 19 54 i

3590 1428 345 75 principali
3958 1432 371 73 congiurati
4353 1434 53 54 si
4441 1442 356 65 apprende,
4825 1442 121 56 che
4982 1442 19 55 i

3589 1518 345 72 principali
3959 1525 368 73 congiurati
4342 1526 436 71 capitanando
4800 1552 206 50 ognu-

3594 1628 83 38 no
3707 1612 359 72 cinquanta
4090 1637 39 37 o
4160 1625 285 58 settanta
4500 1624 272 66 uomini,
4808 1624 197 55 dove-

3567 1719 195 39 ‘vano
3785 1705 45 56 il
3859 1707 233 71 giorno
4116 1724 65 42 11
4213 1707 64 56 di
4326 1711 273 58 mattina
4646 1715 126 56 alle
4815 1733 114 37 ore
4969 1730 33 56 7

3594 1803 323 51 attaccare
3947 1801 148 55 tutti
4140 1801 19 55 i
4190 1798 194 72 posti.

3668 1886 275 61 Lorenzi
3976 1888 254 60 doveva
4260 1892 464 78 impadronirsi
4747 1899 105 55 del
4887 1897 117 58 Pa-

3592 1978 177 58 lazzo
3800 2000 126 39 ove
3955 1983 344 57 dimorava
4329 1982 44 55 il
4401 1988 308 67 generale
4741 1988 66 58 in
4839 2008 164 51 capo

3591 2089 122 39 con
3757 2073 65 56 lo
3869 2086 169 45 stato
4085 2074 359 72 maggiore:
4505 2078 256 60 Peralta
4815 2079 190 75 (pro-

3592 2162 501 58 babilmenteun
4139 2185 191 56 corso
4350 2163 30 75 )
4387 2163 288 75 ufficiale
4707 2172 105 56 dei
4868 2192 139 36 cac-

3594 2253 228 59 ciatori
3854 2267 170 49 sotto
4056 2257 263 61 l'antico
4342 2260 269 74 regime,
4641 2262 169 60 della
4852 2264 153 60 Por-

3589 2359 63 48 ta
3691 2350 278 72 Marina;
4009 2352 300 60 d'Amato
4351 2354 244 59 furiere
4636 2357 367 61 dell'antico

3592 2444 408 73 reggimento
4033 2448 217 61 Malta,
4276 2443 169 64 della
4483 2437 194 70 Porta
4726 2441 220 80 Reale:
4968 2473 36 38 e

3592 2537 180 58 Pulis
3804 2540 169 57 della
4020 2539 248 66 Sanità,
4294 2542 169 57 della
4512 2542 196 59 Porta
4764 2545 242 57 Marsa-

3592 2645 343 46 muscetto.
3963 2634 162 57 Altri
4151 2634 204 60 infine
4385 2636 102 58 del
4521 2633 167 60 forte
4716 2635 66 59 S.
4818 2638 185 60 Elmo

3590 2746 36 38 e
3666 2728 441 71 dell’Albergo
4154 2728 64 58 di
4230 2723 370 91 Castiglia.
4627 2723 112 91 Poi
4788 2731 139 58 fatti
4983 2734 19 54 i

3590 2822 184 72 segni
3822 2822 357 56 convenuti
4227 2822 81 57 da
4338 2812 235 82 questo
4626 2823 220 74 luogo,
4889 2845 116 52 per

3590 2913 831 77 avvertire
3923 2909 59 88 i
3989 2913 432 77 campagnoli,
4473 2936 92 37 un
4601 2927 176 47 certo
4827 2916 179 77 Sata-

3587 3008 188 57 riano
3813 3007 251 58 doveva
4100 3008 381 61 distribuire
4510 3009 62 59 le
4591 3009 186 69 armi.

3663 3100 199 60 Tutte
3889 3113 238 61 queste
4155 3102 431 74 disposizioni
4620 3121 200 46 erano
4879 3114 146 48 sta-

3587 3204 63 49 te
3679 3203 372 51 concertate
4083 3216 125 40 con
4240 3195 302 60 mirabile
4562 3197 439 70 precisione,
4946 3191 55 81 e

3588 3307 117 54 per
3734 3300 250 61 quanto
4005 3308 294 40 nessuno
4331 3291 172 73 degli
4554 3288 294 74 affigliati
4895 3292 108 57 ab:

3587 3379 106 59 bia
3700 3370 284 89 tradito,

3586 3476 267 68 dubbia,
3885 3477 148 57 data
4068 3477 75 57 la
4179 3476 168 58 forte
4392 3476 459 75 guarnigione.
4907 3476 92 59 Va

3587 3579 338 61 osservato
3967 3569 141 68 che,
4155 3579 257 50 mentre
4462 3587 248 42 nessun
4780 3569 223 58 nobile

3586 3665 177 58 aderì
3786 3664 126 57 alla
3940 3665 435 71 congiura,
4290 3660 102 81 vi
4406 3664 335 73 partecipò
4769 3664 231 59 invece

3587 3757 43 56 il
3661 3757 176 56 clero
3862 3756 291 58 secolare
4176 3768 64 47 et
4261 3758 316 74 regolare.

3665 3849 91 59 Le
3782 3849 374 59 esecuzioni
4196 3852 271 72 capitali
4500 3845 426 65 sommarono
4962 3871 39 38 a

3585 3942 94 64 38,
3706 3963 37 37 e
3788 3944 335 56 durarono
4154 3943 146 60 sino
4342 3945 59 58 al
4456 3959 98 57 29:
4579 3945 162 57 oltre
4792 3945 62 56 al
4900 3964 101 38 ca-

3591 4036 227 73 pitano
3876 4035 373 72 Guglielmo
4302 4037 241 59 furono
4600 4038 267 65 fucilati,
4935 4037 64 60 lo

3588 4130 186 57 Xerri
3798 4128 366 69 sacerdote,
4191 4130 44 56 il
4253 4130 200 59 Pulis
4481 4131 84 58 ed
4599 4131 45 58 il
4672 4131 324 58 d'Amato.

3589 4222 49 56 Il
3667 4241 153 53 gen.
3854 4222 311 68 Vaubois,
4192 4242 194 51 preso
4411 4223 82 57 da
4522 4235 296 56 terrore,
4828 4242 174 38 ema-

3588 4317 86 55 nò
3714 4325 233 48 contro
4002 4315 20 56 i
4052 4314 257 58 maltesi
4360 4315 185 85 editti
4599 4314 401 60 severissimi

3589 4432 30 31 «
3645 4408 148 57 sino
3820 4408 127 59 alla
3980 4408 294 59 crudeltà
4292 4427 59 39 ».

3664 4500 535 61 Ciononostante
4218 4503 61 56 la
4310 4500 233 80 rivolta
4562 4502 260 60 almeno
4869 4503 134 59 nel-

3585 4596 61 56 la
3728 4615 390 54 campagna,
4187 4591 318 64 continuò
4512 4587 153 88 più
4685 4587 316 88 accanita

3587 4688 301 71 che-mai,
3935 4690 213 83 fiochè
4187 4691 48 59 il
4267 4691 44 66 5
4342 4692 354 58 settembre
4735 4691 266 59 dell’an-

3587 4802 86 41 no
3706 4779 336 81 appresso,
4067 4779 176 66 tutta
4283 4786 61 57 la
4371 4786 439 75 guarnigione
4831 4785 173 60 fran-

3587 4898 149 40 cese
3765 4879 63 57 di
3853 4879 276 61 Valletta
4163 4881 54 58 si
4248 4881 365 57 arrendeva
4643 4881 127 73 agli
4802 4880 203 73 ingle-

3587 4975 72 82 Si.
4596 4960 45 19 |

3665 5072 49 57 Il
3755 5072 73 58 18
3856 5071 171 57 dello
4076 5079 212 48 stesso
4320 5088 179 39 mese
4543 5070 44 57 il
4611 5087 219 41 nuovo
4879 5067 126 58 Go-

3588 5176 350 48 vernatore
3971 5164 393 71 pubblicava
4402 5163 48 57 il
4480 5174 315 61 seguente
4826 5159 179 60 avvi-

3589 5279 97 39 so:

3667 5372 30 29 «
3732 5352 298 59 Volendo
4052 5352 67 57 S.
4156 5351 72 58 E.
4251 5342 139 66 fare
4422 5361 262 63 sempre
4711 5349 113 70 più
4861 5366 148 39 sen-

3589 5448 123 57 tire
3740 5466 36 37 a
3816 5457 231 62 questa
4088 5445 218 59 fedele
4333 5462 38 40 e
4411 5432 305 91 valorosa
4744 5441 265 74 popola-

3589 5541 191 57 zione
3807 5539 89 74 gli
3932 5539 203 58 effetti
4165 5540 65 56 di
4262 5528 117 67 sua
4410 5547 186 63 grata
4626 5533 385 61 munificen-

3590 5654 73 38 za
3698 5653 38 40 e
3775 5633 298 81 benefico
4115 5632 228 59 affetto
4386 5631 66 58 di
4505 5650 120 39 sua
4652 5638 186 64 grata
4872 5647 140 36 mu-

3589 5708 323 77 nificenza
3956 5747 38 37 e
4021 5706 300 79 benefico
4358 5724 249 68 affetto,
4637 5742 39 39 e
4702 5720 311 60 rifletten-

3590 5823 84 57 do
3712 5821 61 58 al
3823 5810 221 70 danno
4075 5820 123 60 che
4226 5821 224 58 hanno
4482 5817 289 65 sofferto,
4804 5834 38 39 e
4885 5813 129 57 for-

3601 5935 71 37 se
3700 5935 242 37 ancora
3969 5915 292 59 soffrono
4292 5913 221 74 quelle
4548 5907 291 75 famiglie
4880 5906 134 58 del-

3590 6008 61 58 le
3688 6008 180 72 quali
3911 6009 402 72 qualcuno
4248 5995 66 97 è
4357 6017 169 71 stato
4581 6002 270 74 fucilato
4905 5999 105 58 dai

3589 6099 288 61 francesi
3908 6103 189 58 come
4134 6120 135 39 uno
4298 6100 174 74 degli
4490 6099 177 57 uniti
4696 6097 61 57 al
4774 6096 101 85 f#
4911 6107 103 41 co-

3590 6195 298 59 lonnello
3961 6193 377 73 Guglielmo
4416 6191 298 60 Lorenzi
4784 6198 118 64 per
4951 6183 62 58 la

3590 6286 451 74 cospirazione
4096 6287 81 57 da
4219 6287 93 57 lui
4352 6281 393 66 concertata,
4793 6277 227 63 invita

3590 6382 62 55 le
3694 6381 297 72 famiglie
4032 6380 308 58 suddette
4392 6397 37 37 a
4473 6377 397 72 presentarsi
4938 6377 69 58 in

3593 6472 275 59 Palazzo
3940 6489 123 42 con
4116 6472 80 70 le
4235 6481 373 65 opportune
4660 6488 206 53 prove
4942 6469 65 58 di

3585 6561 148 64 loro
3763 6567 327 73 disgrazia
4134 6585 119 53 per
4300 6583 198 64 avere
4553 6564 170 57 dalla
4792 6562 219 59 Eccel-

3591 6663 188 73 lenza
3809 6659 134 60 Sua
3988 6681 88 37 un
4115 6669 477 74 contrassegno
4632 6658 67 57 di
4723 6655 133 60 Sua
4902 6657 109 59 be-

3594 6755 362 59 nevolenza
3981 6775 52 36 ».

3669 6849 52 58 Il
3752 6869 199 37 nome
3979 6848 104 57 del
4106 6847 279 58 Lorenzi
4415 6849 38 54 è
4483 6847 270 56 rimasto
4808 6849 202 69 popo-

3590 6944 137 58 lare
3768 6942 337 72 nell'isola,
4160 6940 335 59 sinonimo
4537 6939 64 57 di
4659 6937 352 74 patriottis-

3591 7057 108 40 mo
3690 7025 75 89 e
3747 7037 131 59 di
3907 7032 334 78 coraggio,
4274 7036 81 56 ed
4385 7030 63 60 io
4476 7033 90 58 ho
4618 7029 242 61 voluto
4895 7032 116 71 qui

3593 7132 383 73 ricordarne
3999 7125 427 63 brevemente
4453 7126 61 59 la
4559 7125 230 74 figura.
4851 7124 159 60 Essa

3542 7223 11 17 i
3580 7230 48 60 è
3656 7226 218 72 degna
3907 7225 65 56 di
4012 7223 244 57 rilievo
4308 7241 36 38 e
4386 7220 439 71 meriterebbe
4881 7236 127 39 una

3592 7302 410 108 monografia
4028 7316 425 93 particolare:
4486 7315 69 58 in
4579 7312 271 61 Corsica
4876 7329 134 41 non

3592 7416 329 56 mancano
3963 7405 102 79 gli
4083 7399 280 70 studiosi
4392 7388 324 77 adattiad
4743 7426 133 37 una
4900 7399 103 102 si-

3593 7508 156 57 mile
3766 7502 463 61 rievocazione
4248 7504 123 57 che
4391 7501 394 59 tornerebbe
4833 7520 35 38 a
4889 7480 124 77 tut-

3590 7592 92 67 to:
3737 7609 235 51 onore:
3992 7593 192 64 della
4246 7589 150 66 loro
4466 7594 168 60 forte
4703 7595 77 57 ed
4828 7593 185 58 indo-

3592 7694 242 60 mabile
3877 7705 206 45 razza.

4281 7851 82 78 O.
4396 7867 85 62 F.
4523 7863 401 79 Tencajoli.

3672 8009 265 64 L'Idea
3965 8007 401 84 Nazionale
4383 8020 508 66 304-21-72-24.

3613 8297 18 6 ~
3654 8293 36 8 —
3745 8295 14 6 -

3682 8510 125 107 LA
3879 8489 334 129 CORSE
4257 8446 676 174 TOURISTIQUE

3674 8845 89 61 Le
3818 8841 88 63 N°
3947 8861 38 42 2
4032 8843 88 60 de
4186 8848 184 56 cette
4418 8844 58 59 si
4542 8837 467 70 intéressante

3588 8962 217 61 revue
3845 8943 223 80 paraît
4108 8942 473 79 aujourd’hui.
4615 8939 423 62 Luxueuse-

3585 9053 200 66 ment
3841 9042 189 64 édité
4088 9050 72 56 et
4202 9044 558 61 abondamment
4815 9042 196 60 1illus-

3586 9136 142 86 tré,
3752 9163 93 43 ce
3872 9144 336 73 fascicule
4259 9146 325 62 contient
4641 9160 97 42 un
4788 9139 249 69 choix

3586 9250 350 63 d'articles
4023 9245 207 63 d’une
4312 9241 523 85 originalité
4919 9249 93 56 et

3586 9343 209 69 d'unè
3838 9353 214 55 tenue
4108 9344 349 64 littéraire
4496 9345 170 62 hors
4698 9344 84 61 de
4829 9346 175 76 pair.

3587 9451 96 61 En
3724 9450 201 61 voici
3954 9450 67 58 le
4058 9448 388 83 sommaire
4424 9444 62 91 :

3666 9534 387 94 Editorial
4147 9545 119 85 (La
4341 9545 227 66 Corse
4658 9543 354 66 Touristi-

3586 9650 163 100 que)
3788 9684 80 9 —
3939 9648 137 78 La
4088 9645 483 97 Découverte
4642 9645 61 61 T
4691 9637 320 97 ouristi-

3587 9756 136 78 que
3765 9751 86 68 de
3883 9749 77 78 la
3997 9730 268 80 Corse
4276 9738 110 82 au
4430 9746 299 64 XVIII°
4781 9746 231 62 siècle

3583 9852 245 81 (Louis
3869 9831 251 98 Villat)
4160 9883 83 7 —
4280 9849 189 68 Mon
4505 9845 300 81 couplet
4831 9847 180 81 (An-

3543 9958 9 13 :
3587 9956 200 60 toine
3824 9947 326 82 Trojani)
4179 9983 83 9 —
4319 9948 385 64 Touristes
4761 9950 25 57 !
4825 9967 187 44 vous

3586 10072 89 43 ne
3710 10049 377 84 prendrez
4104 10054 150 74 pas
4283 10046 106 66 les
4415 10049 263 79 fièores
4705 10067 85 43 en
4821 10049 189 64 Cor-

3584 10171 79 42 se
3700 10150 116 78 (D'
3848 10146 401 95 Marcou)
4212 10184 64 7 —
4332 10148 132 76 Les
4479 10147 407 85 Bienfaits
4923 10151 87 72 de

3591 10252 74 60 la
3699 10250 213 63 Peste
3944 10235 274 104 (Piérre
4251 10224 469 118 Dominique)
4719 10224 40 118 -
4746 10285 82 9 —
4829 10239 207 85 Na-.

3581 10350 278 85 poléon
3897 10356 69 57 et
4019 10349 84 63 la
4140 10348 238 64 Corse
4414 10346 257 83 (Henri
4723 10338 286 78 Pieran-

3587 10458 139 80 geli
3768 10491 88 8 —
3922 10454 98 62 Za
4105 10453 242 64 bonne
4392 10449 370 86 politique
4820 10455 190 63 dans

3589 10554 476 67 l’Hotellerie
4099 10553 250 85 (Henri
4380 10552 87 60 de
4490 10551 257 88 Forge)
4786 10593 83 9 —
4908 10556 103 64 La

3597 10660 232 74 Corse
3877 10656 356 65 Illustrée
4268 10646 85 52 —
4393 10653 479 90 L'Initiation
4898 10658 113 64 àu

3589 10759 397 85 Tourisme
4020 10758 235 77 {Léon
4281 10756 398 84 Maestrati)
4715 10797 80 9 —
4843 10748 167 77 Na-

3581 10840 277 109 poléon
3904 10857 417 86 repose-t-il
4359 10877 151 43 aux
4560 10860 381 68 Invalides
4979 10864 33 63 ?

3586 10966 259 84 (Henri
3878 10961 332 85 Omessa)
4240 10998 87 7 —
4360 10959 652 83 L’Enseignement

3575 11065 569 87 professionnel
4169 11062 331 77 Charles
4538 11063 469 88 Nivaggioni)

3585 11209 84 10 —
3703 11157 368 82 L'Avenir
4101 11171 92 60 de
4235 11164 624 86 l'Aéronautique
4887 11170 114 83 (C.

3584 11275 212 81 T.)—
3833 11275 319 75 Ajaccio
4209 11266 512 85 (Max-Roger)
4763 11289 80 30 —
4892 11258 133 76 Un

3584 11393 274 61 voyage
3897 11393 85 41 en
4023 11373 235 61 Corse
4292 11368 86 83 (J.
4421 11370 86 62 de
4535 11371 69 60 la
4633 11371 375 83 Parata)
4919 11364 64 94 —

3593 11474 276 62 Choses
3909 11479 71 56 et
4018 11479 256 57 autres
4314 11468 113 85 (C.
4477 11470 115 82 T.)

3584 11658 91 61 Le
3714 11675 73 43 n°
3832 11676 24 42 1
3885 11657 73 73 f.,
3983 11660 542 60 abonnements:
4559 11654 226 64 Corse
4808 11653 91 72 10
4916 11652 83 61 fr.

3584 11755 402 63 Continent
4008 11776 18 38 :
4050 11756 96 61 12
4168 11756 84 60 fr.
4291 11775 16 50 ;
4351 11756 340 74 Etranger
4730 11772 17 39 :
4778 11750 100 61 20
4913 11750 84 60 fr.

4038 3384 62 57 la
4144 3384 265 59 riuscita
4461 3384 114 58 del
4631 3383 212 71 colpo
4892 3385 132 69 era

5178 791 443 142 Nutizie
5728 792 116 139 di
5919 791 463 142 Corsica

6102 1118 314 99 Aiacciu

5160 1274 87 6 —
5286 1219 50 78 È
5398 1245 229 57 morta
5706 1241 332 61 Madama
6113 1239 385 61 Michelina

5083 1334 460 76 Santandrea,
5586 1348 161 55 nata
5788 1339 310 81 Frigara.

5161 1557 81 6 —
5276 1520 50 61 È
5367 1531 232 53 mortu
5638 1544 43 41 u
5721 1524 156 81 sgiò
5919 1525 320 71 Bertora,
6280 1541 220 61 negu-

5080 1623 249 59 ziante.

5164 1846 80 7 —
5291 1810 424 65 S'annuncia
5804 1836 44 41 u
5918 1819 362 78 prossimu
6352 1836 150 44 ma-

5081 1913 349 60 trimoniu
5528 1916 67 60 di
5678 1918 497 63 madamicella
6268 1918 229 62 Maria

5086 2007 326 68 Frasseto
5453 2032 86 43 cu
5569 2014 102 60 M.
5702 2016 75 60 P.
5810 2019 87 59 du
5944 2018 365 78 Pasquier.
6355 2017 146 63 Ma-

5085 2111 375 61 damicella
5491 2111 321 78 Frasseto
5843 2116 36 59 è
5932 2136 38 40 a
6013 2117 271 80 figliòla
6321 2120 71 59 di
6456 2139 44 40 u

5085 2206 155 81 sgiò
5297 2207 369 67 Sulbestru
5722 2212 351 67 Frasseto.

6160 2425 257 62 Bastia

5162 2558 84 11 —
5279 2522 425 89 S'annuncia
5758 2530 429 64 l'abbracciu
6238 2516 75 79 di
6351 2533 153 62 Ma-

5083 2625 376 65 damicella
5498 2626 358 67 Vincente
5887 2632 344 62 Lucchesi
6263 2650 37 42 e
6355 2634 68 61 di
6457 2652 46 42 u

5084 2725 155 81 sgiò
5290 2727 192 63 Luici
5527 2730 362 79 Pasquini,

6083 2919 344 77 Cannelle

5162 3058 85 43 —
5276 3022 51 61 È
5364 3032 234 56 morta
5640 3026 336 65 Madama
6000 3028 310 63 Veduva
6346 3029 158 61 Pia-

5083 3125 69 59 ni
5194 3122 393 66 Francesca
5616 3147 37 42 a
5690 3125 83 80 84
5798 3131 192 58 anni.

6086 3317 333 63 Corranu

5160 3456 86 10 —
5286 3420 253 66 Simon
5570 3422 421 65 Ghiuvanni
6024 3423 216 66 Rossi
6296 3427 38 61 è
6362 3433 141 55 sta-

5081 3529 73 55 tu
5189 3523 255 75 tombu
5483 3524 161 62 d'un
5692 3526 222 61 calciu
5956 3526 69 60 di
6057 3530 214 59 mula.

6192 3715 224 62 Levie

6216 3835 43 42 u
6341 3815 157 82 sgiò

6185 3926 256 65 mortu
6462 3936 38 43 a

5165 3851 87 9 —
5292 3812 123 65 C'è
5466 3819 185 58 statu
5675 3813 327 64 l'intarru
6066 3817 72 59 di

5081 3915 341 78 Ghiuvan
5467 3914 304 64 Battistu
5803 3915 339 76 Romani,

5076 4017 80 61 82
5186 4019 197 60 anni.

6174 4188 240 82 Oletta

5113 4313 8 5 -
5164 4324 82 8 —
5277 4270 50 79 È
5356 4293 187 55 statu
5585 4287 433 62 l'abbracciu
6057 4288 70 61 di
6162 4287 342 63 Madami-
6537 4280 21 82 |

5080 4391 177 83 cella
5296 4389 244 83 Emma
5563 4388 373 65 Benedetti
5961 4407 39 44 e
6040 4390 71 61 di
6147 4408 40 42 u
6236 4386 157 84 sgiò
6419 4389 87 61 de

5080 4492 369 65 Rivarola.

6131 4669 294 62 Olivese

5165 4813 84 10 —
5290 4777 52 60 È
5379 4782 238 58 mortu
5646 4795 45 41 u
5732 4773 157 82 sgiò
5937 4773 409 63 Dumenicu
6372 4770 139 62 To-

5085 4880 166 64 fani.

5694 4983 735 66 Peru-Casevecchie

5162 5131 88 8 —
5281 5092 79 65 In
5412 5090 261 75 Prunu,
5739 5109 44 40 u
5820 5072 347 79 mulatere
6205 5085 306 64 Alberti-

5084 5199 70 61 ni
5190 5196 302 77 Jacumu
5518 5192 89 62 ha
5633 5191 193 63 firitu
5865 5175 211 76 d'una
6103 5189 319 82 stilittata
6469 5206 43 42 u

5089 5298 156 82 sgiò
5291 5295 384 66 Casanova
5711 5285 294 89 Agnulu
6048 5290 257 79 Maria:

6104 5466 326 79 Pruprià

5168 5615 85 10 —
5284 5542 65 102 U
5394 5567 370 72 carritteru
5798 5572 296 65 Stefanu
6128 5569 420 81 Ricci,det-_

5089 5691 68 55 tu
5210 5678 383 70 Cicconi
5515 5666 64 94 è
5626 5684 181 56 statu
5849 5674 191 63 firitu
6090 5672 160 63 d'un
6289 5670 226 79 calciu

5094 5786 69 62 di
5192 5784 220 61 mula.

5535 5956 343 65 Prunelli
5914 5955 82 61 di
6021 5938 411 78 Fiumorbu

5172 6101 88 9 —
5315 6058 72 67 È
5441 6067 235 57 morta
5738 6058 328 62 madama
6125 6055 390 63 Vincenzia

5093 6163 395 73 Dominici,
5527 6168 186 55 nata.
5739 6157 321 65 Casseta.

5649 6328 16 3 |
6116 6303 315 132 Rusazia

5167 6487 86 9 —
5297 6432 50 80 È
5375 6432 237 81 mortu
5675 6466 48 40 u
5787 6443 158 83 sgiò
6023 6443 319 81 Mighele
6398 6439 117 64 Pi-

5088 6554 201 62 nelli.

6215 6705 208 64 Sartè

5176 6851 88 10 —
5301 6814 431 64 S'annuncia
5790 6831 40 42 u
5873 6811 362 80 prossimu
6277 6809 237 86 matri-

5090 6921 242 60 moniu
5376 6920 70 61 di
5475 6915 491 65 madamicella
6008 6911 330 63 Faustina
6357 6909 159 63 Pie-

5090 7021 87 61 tri
5213 7038 160 43 cuu
5411 7019 158 82 sgiò
5599 7017 408 64 Ghiacumu
6024 7012 231 70 Petru
6276 7012 261 62 Abba~.

5086 7123 212 76 tucci,
5331 7122 291 61 sindacu
5656 7121 81 60 di
5764 7117 285 64 Zicavu.

5174 7334 77 24 —
5294 7293 51 80 È
5399 7315 185 57 statu
5653 7308 430 62 l'abbracciu
6150 7306 88 74 di
6281 7283 246 83 mada-

5092 7413 285 62 micella
5413 7410 257 65 Cicilia
5690 7409 294 73 Tavera
6015 7409 84 89 cu
6124 7421 49 48 u
6201 7405 156 82 sgiò
6381 7404 133 63 Mi-

5091 7515 209 82 ghele
5329 7513 343 76 Durazzo,
5706 7506 473 86 prupietariu.

5175 7756 82 11 —
5283 7718 621 70 C'annunianu.u
5942 7716 364 80 prossimu
6366 7730 159 71 ma-

5089 7823 356 64 trimoniu
5515 7821 74 73 di
5649 7818 500 81 madamicella
6199 7803 313 76 Vittoria

5094 7924 241 73 Ortoli
5377 7942 39 43 e
5455 7924 74 79 di
5559 7921 362 88 l'aiutante
5961 7921 295 60 Antone
6302 7914 214 63 Mon-

5092 8027 272 62 doloni.
5465 8007 175 12 0
6519 8016 4 3 |

5292 8146 19 7 _—

5361 8200 230 97 Santa
5637 8211 360 74 Riparata
6060 8208 95 63 di
6174 8206 341 75 Balagna

5180 8350 77 9 —
5299 8303 126 74 C'è
5457 8318 201 58 statu
5689 8332 47 41 u
5761 8301 471 73 matrimoniu
6260 8308 67 62 di
6369 8299 152 71 ma-

5098 8418 419 76 damiccella
5584 8396 225 93 Maria
5845 8411 372 94 Jasippina
6265 8408 259 65 Giudi-

5040 8548 6 18 ;
5089 8521 171 72 celli
5318 8536 37 75 e
5383 8504 82 75 di
5496 8537 66 48 u
5607 8514 159 84 sgiò
5834 8494 216 83 Carlu
6135 8512 380 79 Francisci,

5085 8596 479 110 pruprietariu.

5039 8703 9 31 Ì
5313 8728 20 14 -

5175 8823 80 10 —
5284 8786 429 65 S'annuncia
5772 8803 37 42 a
5874 8791 258 69 morte,
6177 8804 37 43 a
6275 8786 274 66 Marse.

5086 8891 165 81 glia,
5287 8889 69 61 di
5404 8907 45 41 u
5489 8886 155 81 sgiò
5671 8885 352 63 Francesu
6054 8885 373 64 Fondacci.

5872 9074 223 85 Serra
6152 9073 80 65 di
6283 9077 236 61 Ferru

5166 9200 84 20 —
5287 9155 51 78 È
5340 9151 235 113 statu
5602 9173 373 86 l'interru
6047 9166 72 73 di
6192 9178 326 63 madama

5089 9267 323 81 Santoni,
5497 9276 350 79 mugliere
5903 9277 72 62 di
6017 9296 48 43 u
6102 9277 157 83 sgiò
6299 9277 219 64 Santu

5089 9373 325 83 Santoni,
5456 9377 425 79 neguziante
5921 9396 38 44 a
5989 9377 435 66 Stiliccione.

6053 9562 411 128 Venzolasca

5169 9699 84 10 —
5256 9618 117 115 U
5385 9684 96 61 I7,
5527 9662 488 76 Sant'Antone
6047 9669 330 74 eremitu,
6411 9668 105 64 c'è

5090 9730 205 106 statu,
5355 9765 74 60 in
5471 9757 230 88 piazza
5740 9765 68 61 di
5856 9762 413 81 l'Oratoriu,
6313 9787 39 43 a
6408 9771 107 60 bi-

5087 9866 377 61 nadizione
5504 9865 70 62 di
5639 9884 39 41 e
5737 9865 169 68 fere.

5543 10034 516 59 —_————

5086 10198 72 158 A
5214 10198 475 139 Monsieur.
5737 10205 80 105 le
5856 10169 636 186 Vice-Recteur

5172 10451 391 65 L'internat
5598 10456 147 89 des
5768 10455 232 66 Cours
6039 10457 471 71 Secondaires

5089 10559 107 56 est
5232 10554 293 63 devenu
5570 10576 93 43 un
5714 10564 202 69 vaste
5954 10560 303 83 hôpital.

5167 10655 267 64 Trente
5468 10658 255 81 jeunes
5764 10641 186 97 filles
5987 10683 91 43 en
6117 10670 195 76 proie
6354 10667 39 63 à
6444 10673 67 60 la

5062 10732 247 114 fièvre
5352 10758 172 66 sont
5550 10762 249 64 alitées
5854 10764 256 82 depuis
6154 10772 357 77 plusieurs

6549 10844 10 24 {

5081 10859 202 82 jours
5319 10862 175 64 dans
5532 10884 96 43 un
5666 10865 278 66 dortoir
5983 10872 221 81 exigu
6234 10878 68 57 et
6348 10881 165 56 sont

5088 10963 343 83 soignées
5458 10966 210 63 d’une
5716 10968 206 82 façon
5962 10971 348 80 précaire.

5175 11064 88 63 Le
5314 11067 293 82 nombre
5644 11071 127 60 des
5819 11074 316 75 malades
6188 11093 92 45 va
6283 11095 226 63 gran-

5087 11167 272 62 dissant
5389 11168 99 61 de
5506 11168 169 78 jour
5698 11187 87 42 en
5815 11171 192 79 jour.
6037 11173 324 66 N'est-on
6384 11199 124 60 pas

5087 11266 85 61 en
5189 11266 372 90 présence
5594 11269 211 61 d'une
5827 11288 225 63 grave
6091 11265 362 90 épidémie
6473 11283 36 56 ?

5170 11365 315 66 S'est-on
5549 11367 405 83 préoccupé
5994 11392 90 43 en
6155 11376 172 60 haut
6361 11380 145 59 lieu

5085 11464 86 60 de
5200 11483 81 42 ce
5319 11469 431 62 lamentable
5790 11468 144 66 état
5960 11473 90 61 de
6090 11473 253 63 choses
6370 11478 35 57 ?

5198 11561 202 64 Nous
5462 11586 272 59 posons
5807 11588 118 43 ces
6013 11575 374 73 questions
6467 11574 38 60 à

5084 11658 382 66 Monsieur
5527 11668 67 58 le
5674 11666 541 66 Vice-Recteur
6284 11672 88 59 de
6435 11674 66 58 la

5083 11740 232 102 Corse.
5751 11747 4 3 _

2823 588 248 78 EEE
5066 588 78 78 EE
6808 588 754 78 ————
7783 588 221 78 SS

6727 796 427 107 Partanza
7210 794 88 109 di
7353 832 117 71 un
7516 801 387 104 cuscritu

6656 1106 105 59 Mi
6782 1113 195 51 sentu
7003 1112 336 69 stringhie
7366 1115 71 57 lu
7464 1117 152 56 còre

6666 1199 142 57 Ora
6834 1201 149 58 mai
7004 1201 178 58 l'òra
7213 1206 40 53 è
7276 1214 298 57 sunata;

6657 1291 238 58 Addiu
6923 1292 72 58 lu
7034 1300 237 50 nostru
7298 1315 252 45 amore,

6666 1382 395 60 Tesuruccia
7083 1386 472 67 inzuccarata,

6655 1475 247 61 Prestu
6930 1482 102 53 mi
7051 1498 87 39 ne
7165 1479 180 58 devu
7371 1483 194 58 andà

6658 1568 55 56 A
6757 1587 192 41 serve
6984 1570 73 58 la
7093 1573 302 59 Francia
7422 1585 302 51 armata.

6659 1718 334 64 Stamane
7018 1745 199 42 versu
7243 1729 288 60 s’etfre

6655 1810 265 63 Mentre
6944 1818 81 57 di
7045 1841 168 39 casa
7238 1826 225 58 surtia

6618 1931 13 7 -
6656 1905 168 60 Bidi
6861 1910 276 71 affaccà
7177 1915 71 58 lu
7275 1919 136 57 miò
7436 1919 170 69 fiore

6666 1999 143 58 Cun
6835 2003 521 67 Franciscuccia
7374 2032 37 37 e
7434 2014 255 68 Maria,

6655 2092 180 61 Eccu
6876 2098 352 61 cioch'ella
7278 2107 102 54 mi
7424 2106 183 56 disse

6665 2184 99 55 Cu
6801 2185 339 64 dulcezza
7168 2212 38 37 e
7245 2198 297 57 curtesia
7560 2219 24 34 :

6658 2368 76 9 —
6763 2340 81 61 Si
6866 2352 75 48 fu
6957 2350 215 68 parti,
7204 2350 136 59 bon
7381 2352 310 73 biaghiu,

6667 2431 531 82 T'accumpagni
7215 2444 74 57 lu
7313 2445 291 72 signore,

6658 2528 187 59 Altri
6866 2537 360 55 namurati
7249 2555 92 40 un
7368 2538 238 71 aghiu,

6664 2621 352 62 Sustanza
7043 2629 81 58 di
7163 2629 70 59 lu
7273 2633 136 55 miò
7447 2633 205 69 còre,

6669 2714 128 59 Chi
6820 2724 74 50 tu
6920 2719 108 59 sia
7063 2721 73 58 lu
7169 2723 323 72 priferitu

6659 2808 59 57 A
6753 2809 70 56 lu
6850 2830 45 39 u
6917 2814 177 56 vinti
7115 2816 397 58 cacciatore.

6660 2960 207 60 Parti
6893 2972 187 71 puru
7123 2975 405 63 spenseratu

6659 3052 67 56 È
6747 3073 215 42 senza
6989 3048 257 69 alcunu
7273 3061 259 69 timore,

6668 3143 204 63 Cume
6896 3150 73 57 lu
6995 3157 232 67 tempu
7235 3161 301 63 passatu

6662 3239 282 72 Sempre
6977 3245 272 58 listessu
7275 3246 246 68 calore,

6667 3332 294 86 Quande
6988 3344 76 50 fu
7090 3340 390 65 rifurnerai,

6660 3426 230 60 Averà
6915 3428 90 79 lu
7034 3438 236 52 nostru
7297 3435 250 56 amore.

6666 3579 293 76 Quande
6977 3582 117 72 fui
7113 3587 72 59 in
7210 3589 78 58 so
7300 3598 343 62 presenza

6666 3673 320 61 Cambiai
7005 3680 235 58 subitu
7266 3681 346 74 d'aspettu

6664 3766 189 60 Ch'iò
6897 3771 260 71 pigliai
7188 3776 411 59 cuniscenza

6657 3859 98 56 Di
6785 3861 71 59 lu
6880 3882 76 38 so
6975 3865 232 72 degnu
7223 3876 347 66 prugettu,

6659 3954 295 72 Anch'eo
6993 3958 58 58 li
7066 3960 143 71 feci
7231 3975 287 45 cunosce

6654 4047 59 55 À
6742 4047 139 70 fine
6909 4049 78 57 di
7009 4050 65 58 le
7100 4054 135 58 miò
7263 4074 298 55 angosce
7590 4079 17 36 :

6653 4228 77 7 —
6761 4200 81 58 Si
6862 4209 76 48 fu
6965 4207 241 56 fenissi
7218 4210 256 67 paròla

6672 4288 99 58 Un
6818 4292 65 56 ci
6903 4294 184 58 seria
7118 4299 186 57 tanti
7336 4303 196 66 mali,

6672 4379 97 60 Or
6798 4384 176 60 mira
7004 4386 115 59 chi
7137 4398 131 63 per
7293 4399 66 50 te
7384 4394 150 60 sòla

6671 4473 189 62 Tutte
6877 4477 65 58 le
6967 4484 479 72 cuntinentali,

6666 4566 145 60 Ben
6839 4571 123 59 che
6987 4576 247 59 carche
7260 4579 80 57 di
7355 4580 314 72 furtuna,

6674 4662 80 58 Ci
6767 4668 337 79 passar'a
7132 4690 143 42 una
7294 4670 69 62 a
7407 4695 159 40 una.

6668 4816 235 74 Aghiu
6936 4824 190 70 fattu
7165 4846 93 40 un
7283 4829 494 72 ghiuramentu

6665 4910 298 65 D'esseti
6976 4918 234 69 fidatu
7252 4943 48 36 a
7326 4932 233 62 morte,

6668 5008 140 58 Per
6838 5014 108 79 mè
6971 5011 118 60 chi
7108 5014 194 60 dolce
7335 5029 342 50 momentu

6672 5101 211 61 S'ella
6911 5106 246 84 vulissi
7177 5107 72 59 la
7276 5118 179 52 sorte

6678 5194 182 59 Ch'iò
6887 5197 187 73 fussi
7100 5200 245 61 l'annu
7373 5205 116 57 chi
7508 5207 174 59 bene

6669 5282 59 56 A
6771 5281 74 56 la
6848 5277 119 88 fin
6984 5285 91 57 di
7107 5285 64 57 le
7211 5288 134 59 miò
7375 5298 200 63 pene.

6646 5431 321 81 Dunque
6988 5460 51 39 a
7072 5440 241 64 bedéci
7359 5446 42 57 ò
7428 5437 241 70 tesora

6668 5530 70 79 E
6765 5532 386 63 tuchemuci
7160 5535 85 60 la
7276 5558 233 47 manu,

6672 5624 133 73 Eju
6842 5618 470 85 penseraghiu
7362 5654 47 36 a
7447 5642 67 50 te
7549 5635 152 60 sola

6680 5717 469 79 Quantunque
7174 5727 290 78 essendu
7501 5729 327 68 luntanu;

6671 5813 220 59 Eviva
6919 5816 64 57 le
7027 5810 412 68 Cursichelle

6679 5907 129 58 Chi
6829 5928 140 40 nun
6997 5912 71 57 ci
7089 5914 112 55 n'è
7226 5933 192 41 cume
7455 5916 202 60 d'elle
7673 5918 35 58 !

6653 6103 124 59 ‘Un
6816 6106 288 71 giovanu
7161 6110 315 61 cuscrittu
7522 6112 495 76 Sampetracciu

6596 6185 120 58 chi
6743 6200 194 60 parte
6956 6191 198 60 tiratu
7189 6213 117 56 per
7346 6216 44 39 u
7420 6198 171 59 collu

7427 6326 184 63 Toto
7651 6329 283 65 Cesari.

6897 6434 66 59 di
6993 6434 211 64 Santu
7233 6441 201 63 Petru
7462 6447 67 57 di
7560 6448 272 63 Venacu

6923 6747 765 89 VENDITA

6675 6973 196 61 D'òra
6904 6977 234 73 in-pòi,
7190 7005 43 37 u
7263 6984 261 63 duttore
7573 6991 316 60 Lucciani
7957 6996 63 59 di

6594 7066 428 78 Moca-Croce
7063 7065 313 73 duvendu
7431 7080 64 58 fa
7540 7084 20 55 i
7608 7103 75 40 so
7731 7087 182 60 visiti
7955 7091 67 56 in

6597 7164 399 77 automòbile
7051 7170 199 58 véndi
7292 7192 44 36 u
7376 7177 75 55 so
7492 7179 346 60 materiale
7888 7179 136 82 ipo-

6594 7229 209 92 mòbile
6819 7276 66 39 :
6870 7279 29 15 :
6945 7268 90 50 un
7076 7268 220 67 coupé
7315 7266 65 58 di
7412 7288 239 53 marca,
7703 7293 137 42 una
7892 7278 131 56 vic-

6572 7350 223 67 Toria,
6827 7371 131 39 una
6985 7355 316 61 vitturina
7324 7379 36 37 a
7393 7380 136 40 unu
7557 7384 39 39 o
7625 7365 115 59 dui
7759 7365 253 79 cavalli,

6595 7451 98 48 tre
6722 7434 252 79 cavalli,
7006 7446 148 91 fra
7109 7442 67 99 i
7185 7452 178 72 quali
7394 7475 138 39 unu
7561 7459 65 58 di
7657 7469 271 77 9,éunu
7957 7464 62 57 di.

6594 7548 36 58 7
6659 7537 181 58 anni.

7247 7780 6 4 .
7809 7766 9 32 ~u

7010 7795 88 58 su
7271 7795 291 58 S~asiur_
7590 7795 59 58 —
7662 7795 40 58 —
7706 7824 39 9 —
7792 7828 216 8 nn

7098 7961 456 86 Prospérité.

6680 8144 190 64 Nous
6918 8168 216 68 avons
7210 8161 106 57 été
7354 8157 312 65 heureux
7696 8161 86 66 de
7823 8164 198 67 cons-

6596 8255 178 56 tater
6864 8270 132 64 que
7054 8252 105 63 La
7230 8246 337 76 Bataille
7649 8264 266 81 Corse,
7959 8269 64 64 la

6608 8342 388 74 combative
7066 8353 236 68 feuille
7343 8380 155 64 que
7562 8362 224 89 dirige
7860 8390 167 45 avec

6605 8451 298 64 autorité
6987 8464 198 56 notre
7274 8461 356 68 excéllent
7700 8473 323 64 confrère

6604 8551 93 62 M.
6732 8551 415 90 Dominique
7218 8558 313 86 Battesti,
7592 8577 233 74 paraît
7899 8595 125 42 au-

6597 8654 358 82 jourd'hui
6998 8677 122 54 sur
7176 8670 244 73 quatre
7489 8687 238 66 pages,
7781 8672 253 100 papier

6604 8753 86 64 de
6716 8754 199 80 luxe,
6948 8759 219 81 grand
7196 8760 247 70 format
7478 8787 166 45 avec
7697 8794 92 41 un
7820 8765 214 75 choix

6602 8853 347 66 d'articles
7012 8858 93 65 du
7165 8862 155 84 plus
7371 8866 171 65 haut
7610 8873 277 66 intérêt.

6687 8955 143 65 Nos
6893 8960 307 77 sincères
7288 8969 511 84 compliments.

7287 9157 22 43 PV

7285 9197 47 20 +

6781 9350 317 167 Sonetto
7193 9398 50 69 a
7292 9365 83 106 la
7434 9367 333 113 Casinca

6665 9625 250 68 Casinca,
6945 9633 144 50 culla
7126 9633 129 56 mia,
7283 9638 146 51 bella
7463 9645 127 61 qual
7613 9660 140 49 pura

6663 9713 161 60 Luce,
6844 9715 58 48 di
6927 9715 234 53 schietto
7190 9732 153 41 amor
7371 9727 64 46 tu
7462 9729 81 49 sei
7577 9727 322 76 pumposa,.

6665 9797 170 64 Vaga,
6861 9799 233 64 ridente,
7107 9805 232 67 magica,
7360 9809 280 66 ubertosa,

6660 9878 188 54 Primo
6883 9883 187 64 genito
7095 9886 109 51 fior
7219 9890 145 64 della
7381 9898 214 49 natura.

6661 10100 198 53 Eterno
6893 10117 166 39 azuro
7085 10108 137 65 ciel;
7246 10111 55 49 la
7339 10120 100 45 tua
7468 10119 241 51 verdura

6660 10185 105 51 Per
6800 10191 159 48 cento
7009 10203 235 52 acquose
7287 10195 203 54 bocche
7500 10196 313 74 invidiosa,

6660 10270 63 49 Ti
6750 10272 168 51 rende
6942 10287 76 36 un
7054 10280 187 48 monte
7276 10292 30 36 e
7349 10281 155 55 dolce
7547 10297 30 36 e
7611 10284 215 74 graziosa
7847 10302 49 52 ;

6659 10344 49 98 E
6734 10355 41 49 il
6791 10358 94 49 tuo
6903 10357 188 51 bello
7056 10351 59 87 è
7126 10359 306 71 immortal,
7453 10380 111 38 non
7605 10384 161 50 passa
7807 10387 31 38 e
7862 10376 157 52 dura.

6658 10560 64 50 Ti
6757 10560 92 52 fan
6883 10546 200 67 corona
7126 10569 141 49 sette
7290 10570 126 51 colli
7438 10579 183 47 ameni

6659 10642 76 52 Su
6770 10646 91 51 cui
6901 10661 131 49 pose
7086 10654 428 63 sostanza,amor
7549 10672 30 38 €
7615 10655 145 73 fede,

6660 10729 116 52 Orti
6819 10743 30 39 e
6882 10733 235 62 giardini
7150 10737 56 50 di
7226 10738 201 54 delizie
7452 10743 164 63 pieni.

6657 10934 85 52 Un
6772 10940 161 47 vasto
6992 10945 175 58 prato,
7199 10946 127 62 qual
7361 10951 98 46 tuo
7455 10930 194 83 servo
7694 10953 25 49 è
7760 10956 55 46 al
7820 10920 201 105 piede.

6656 11017 130 54 Una
6818 11027 155 57 parte
6997 11025 90 51 del
7105 11040 120 37 mar
7247 11033 216 64 specchj
7522 11047 31 36 e
7592 11037 292 49 mantieni.

6657 11103 238 61 Quando
6928 11113 181 48 arrise
7144 11112 55 49 la
7221 11116 163 68 terra,
7429 11116 39 48 il
7504 11117 105 48 ciel
7663 11118 45 49 ti
7735 11120 184 50 diede.

7251 11253 379 55 Dumenicu
7649 11255 307 65 Cristini.

6700 11576 390 75 imprimerie
7124 11582 269 73 spéciale
7434 11587 173 57 de
7551 11572 75 90 A
7629 11589 287 58 MUVRA
7939 11556 70 12 ui

6836 11662 97 62 38,
6944 11662 211 91 Conrs
7178 11662 326 105 Grandval,
7529 11669 247 81 Ajaccio

6698 11739 88 87 Le
6831 11739 222 110 Gérant
7065 11744 56 87 :
7165 11741 395 114 Dominique
7596 11776 223 83 Massa
