7944 3770
518 295 243 13 —-
595 288 22 28 —r
649 295 99 13 ———

3323 262 104 19 e

1166 433 897 154 GIURNALI
2188 436 551 157 CORSI

1873 713 19 7 D
1974 702 76 28 pui:

1849 726 46 11 vv

1900 722 14 27 _
1909 726 75 13 __!

478 834 111 62 La
657 837 310 64 Bataille
1030 838 244 73 Corse,
1341 857 73 41 7:
1467 838 100 60 du
1636 856 287 48 10-1-25

787 954 806 64 BILAN-FAILLITE

560 1198 71 13 -..
667 1154 496 73 Qu'entends-je
1194 1157 33 56 ?
1263 1156 87 56 Je
1405 1156 184 56 viens
1633 1155 83 56 de
1768 1174 148 51 par-

478 1247 231 55 courir
760 1257 97 47 tes
922 1257 212 48 monts
1190 1253 70 50 et
1343 1245 256 57 vallons
1685 1255 66 47 et
1821 1246 87 65 là,

479 1334 322 60 l'humble
868 1356 241 52 paysan
1165 1336 255 57 courbé
1486 1355 116 38 sur
1659 1346 118 47 ton
1808 1337 99 57 sol

474 1425 449 74 improductif,
994 1427 236 69 ingrat,
1293 1445 118 38 sur
1455 1426 62 57 la
1571 1437 179 47 terre
1809 1426 100 57 1n-

472 1515 359 66 habitable,
898 1517 191 57 laisse
1164 1516 337 75 échapper
1599 1519 306 67 toujours

469 1599 85 64 Ja
579 1595 213 89 même
848 1609 314 70 plainte...
1215 1609 66 56 le
1337 1610 217 54 même
1640 1626 122 37 son
1821 1608 84 55 de

470 1697 236 57 cloche
740 1714 12 35 :
784 1722 30 29 «
839 1698 103 58 On
996 1709 98 46 est
1150 1698 247 57 fauché
1448 1717 118 52 par
1619 1698 68 55 la
1769 1718 135 37 ma-

468 1789 168 58 laria
758 1810 251 38 comme
1106 1791 96 57 les
1302 1791 142 71 épis
1553 1791 189 57 mäûrs
1840 1789 63 58 le

466 1892 160 47 sont
657 1901 117 52 par
847 1884 61 54 la
961 1883 174 57 faulx
1190 1884 91 55 du
1342 1882 490 56 moissonneur.
1866 1908 30 28 »

462 1970 129 58 J'ai
613 1973 390 77 vagabondé
1055 1991 115 36 sur
1249 1981 103 44 tes
1406 1980 226 46 routes
1707 1988 193 39 enso-

463 2061 277 68 leillées,
796 2072 140 47 tout
970 2063 175 70 juste
1236 2059 403 72 praticables
1724 2078 173 50 pour

464 2153 97 57 les
607 2154 180 57 bêtes
870 2155 36 55 à
948 2171 251 44 cornes,
1263 2160 67 47 et
1381 2151 111 70 j'ai
1566 2169 166 37 revu
1789 2161 101 46 tes

465 2262 305 40 masures
825 2244 289 58 tombant
1187 2263 86 37 en
1306 2242 247 65 ruines,
1606 2250 102 47 tes
1748 2244 146 55 éco-

462 2335 101 56 les
637 2336 269 57 infectes
951 2346 62 47 et
1062 2335 348 66 désertes
1371 2329 54 80 ;
1478 2333 177 71 puis,
1723 2333 167 61 dans

457 2425 506 71 l'impossibilité
1006 2426 79 58 de
1150 2435 392 48 rencontrer
1576 2424 101 58 les
1734 2424 154 59 fiers

459 2517 262 72 visages
797 2518 305 59 familiers
1176 2515 403 69 d'autrefois,
1635 2517 71 68 je
1779 2536 109 54 me

457 2608 142 56 suis
675 2609 335 58 acheminé
1081 2628 153 39 vers
1291 2609 88 56 la-
1410 2608 154 58 ville
1642 2610 85 54 où
1764 2609 118 69 j'ai

450 2718 167 36 revu
699 2700 60 56 le
830 2704 209 55 même
1143 2699 735 69 tortillard-colimagon

453 2789 119 71 qui
629 2809 74 38 se
763 2794 360 57 trémousse
1184 2791 463 73 péniblement
1689 2803 190 46 entre

449 2880 518 71 Ajaccio-Bastia
985 2883 260 59 etCalvi
1268 2893 67 48 et
1357 2883 164 58 dans
1538 2884 100 56 les
1661 2895 208 59 ports,

448 2989 159 41 sans
683 2974 261 57 défense
1012 2977 94 57 les
1162 2985 287 62 puantes
1476 2976 263 71 galères
1783 2977 90 56 du

443 3062 241 59 forban
740 3064 350 60 Fraissinet
1120 3068 12 57 !
1159 3070 29 55 !

522 3138 232 71 Quant
806 3161 80 37 au
940 3144 148 68 pain
1168 3142 454 71 quotidien...,
1678 3162 88 39 on
1809 3143 63 58 le

443 3248 173 52 paye
675 3246 462 53 couramment,
1218 3234 166 58 chez
1426 3234 115 67 toi,
1596 3251 27 40 1
1673 3234 81 58 fr.
1794 3236 76 58 80

437 3320 65 57 le
562 3322 289 58 kilo!!!

2010 728 41 10 vv

2082 844 308 56 Baccala
2431 850 133 61 per
2637 841 269 58 Corsica
2938 840 33 55 !

2081 933 407 71 Cependant,
2564 932 98 56 les
2714 930 240 67 forçats
2988 926 428 59 s’écrieront
3359 922 44 86 :

2007 1043 25 28 «
2067 1025 91 55 Le
2203 1024 145 57 bloc
2404 1025 119 55 des
2564 1021 288 73 gauches
2906 1039 35 36 a
3003 1017 122 57 fait
3159 1017 147 71 plus
3335 1035 80 36 en

1999 1114 36 57 6
2088 1116 168 56 mois
2310 1134 171 51 pour
2507 1114 63 55 la
2603 1113 224 66 Corse,
2859 1131 134 52 que
3049 1109 365 62 l’autre.,.

2073 1204 122 57 Ah.
2253 1205 97 56 les
2416 1203 350 57 canailles!
2827 1202 96 57 De
2978 1204 220 69 gràce,
3250 1218 166 54 pour

1993 1296 63 56 la
2128 1296 203 57 vérité
2404 1294 154 58 etle
2616 1295 149 57 bien
2821 1294 81 56 de
2959 1312 160 38 mon
3175 1311 237 52 pays...

1999 1390 198 68 qu’on
2272 1387 97 55 les
2423 1385 259 71 pende!

2069 1477 168 66 Non,
2301 1476 409 67 misérables,
2789 1495 155 45 non,
3019 1474 226 71 piliers
3323 1474 87 56 du

1989 1566 478 72 front-hospice
2494 1567 83 57 de
2606 1566 60 57 la
2722 1567 220 67 Santé,
2975 1566 64 57 la
3097 1565 311 58 situation

1987 1659 83 57 de
2116 1670 187 47 notre
2376 1676 254 53 pauvre
2701 1657 204 59 Corse
2982 1669 103 47 est
3136 1657 271 59 inchan-

1985 1754 123 68 gée
2162 1763 64 45 et
2265 1771 86 37 ne
2397 1752 226 58 subira
2696 1771 257 38 aucune
2983 1753 424 60 transforma-

1983 1845 141 57 tion
2179 1844 328 58 heureuse
2574 1847 38 55 à
2680 1845 214 57 moins
2958 1845 158 59 d’un
3212 1848 194 59 mira-

1983 1936 119 64 cle,
2178 1936 151 54 d’un
2386 1947 268 45 sursaut
2745 1937 336 69 d’énergie
3143 1940 116 58 des
3301 1940 102 58 fils

1981 2024 82 55 de
2134 2024 475 57 Ponte-Nuovo
2663 2025 228 69 trahis,
2940 2028 456 72 cadenassées,

1981 2114 365 58 bàillonnés
2379 2117 15 54 !

2055 2267 68 13 ...
2156 2223 128 68 Oh,
2317 2225 258 71 quelles
2604 2231 279 55 nausées
2917 2223 13 58 !
2966 2229 425 60 Comment...

1975 2335 90 39 un
2115 2317 614 67 traître-charlatan,
2783 2340 87 37 un
2901 2319 289 62 familier
3235 2324 159 58 dela

1975 2410 569 69 correctionnelle,
2613 2431 86 39 un
2760 2413 349 59 sacristain
3185 2416 81 58 de
3331 2418 60 58 la

1972 2520 118 37 rue
2154 2501 227 69 Cadet,
2443 2503 277 74 députés
2773 2503 34 58 ?
2848 2504 79 60 Et
2973 2507 173 72 puis,
3222 2510 168 58 voici

1968 2593 61 56 la
2098 2593 200 57 honte
2330 2594 14 57 !
2381 2595 54 58 !!
2472 2595 182 59 Voici
2684 2597 60 57 le
2773 2617 325 54 mangeur
3131 2601 80 59 de
3251 2622 140 52 gre-

1967 2685 303 68 nouilles,
2348 2690 313 57 sénateur
2730 2689 82 59 de
2854 2691 61 56 la
2973 2692 209 59 Corse
3236 2697 38 55 à
3327 2696 60 57 la

1965 2778 188 70 place
2207 2778 82 58 de
2348 2779 317 70 François
2745 2780 167 74 Coty
2945 2785 16 56 !
2984 2785 152 60 Non
3184 2787 70 72 je
3293 2791 95 55 ré-

1963 2870 121 56 ve!
2144 2869 149 72 Que
2320 2872 197 71 dis-je
2544 2872 34 58 ?
2598 2873 172 59 C'est
2807 2888 319 61 pourtant
3166 2880 63 58 la
3250 2885 136 54 réa-

1958 2961 161 58 lité!
2181 2963 95 57 En
2327 2966 175 57 voilà
2583 2967 87 58 du
2722 2968 133 59 sale
2934 2972 258 65 travail,
3245 2993 139 38 mes

1958 3053 190 59 chers
2197 3058 508 70 compatriotes
2670 3049 44 86 !
2731 3060 452 71 Malheureux,
3211 3086 164 41 vous

1957 3150 139 55 êtes
2144 3148 95 57 les
2294 3148 183 60 aides
2523 3151 447 61 inconscients
3043 3156 117 59 des
3191 3158 191 60 bour-

1956 3259 202 39 reaux
2213 3241 83 57 de
2365 3252 193 48 notre
2612 3266 246 56 pauvre
2936 3251 232 59 mère
3119 3237 62 91 !
3208 3252 168 72 Quel

1956 3332 205 58 crime
2180 3335 427 61 abominable
2642 3339 15 55 !
2691 3340 235 71 Quelle
2955 3341 417 64 déchéance
3315 3328 58 87 !
3403 3366 8 112 |

3424 3004 7 38 |

4639 237 35 10 -

4196 252 36 15 LI
4395 254 5 3 .
4482 235 27 36 <<
4707 239 46 21 Cam

4190 270 3 1 :
4525 272 271 13 ———___—__—__
4779 261 9 32 Tm

3992 274 25 33 rr
4155 280 356 20 _—_mm—_—_—r—@—m—mr@—@

3523 357 92 55 Le
3672 355 344 71 problème
4042 348 341 66 corse
4255 336 48 94 —
4317 336 80 94 à
4438 340 285 73 quelque
4781 331 158 58 cho-

3518 465 75 37 se
3649 448 158 68 près
3833 481 69 9 —
3950 459 97 47 est
4091 465 85 38 au
4238 438 216 58 même
4514 429 184 73 point
4745 424 193 72 qu'en

3517 537 199 69 1768
3665 533 56 83 !

3600 617 171 56 Mais
3833 635 82 37 ne
4003 609 437 69 désespérons
4470 602 261 82 pas...
4765 602 169 82 nous

3512 709 447 58 connaissons
4014 709 114 65 des
4182 693 301 74 énergies
4564 682 364 64 nouvelles,

3509 803 322 64 sincères,
3908 800 472 73 compétentes,
4433 782 113 73 qui
4587 776 345 60 attendent

3504 893 257 56 l'heure
3818 892 86 56 du
3974 900 348 58 nettoyage
4368 878 81 57 de
4493 875 60 56 la
4613 867 315 61 tranchée

3503 1003 175 53 pour
3734 986 357 68 reprendre
4121 984 38 53 à
4186 977 146 57 leur
4360 975 259 63 compte
4666 964 61 57 la
4749 961 172 57 lour-

3501 1076 84 58 de
3660 1076 294 73 besogne
4012 1092 128 56 que
4187 1061 68 65 le
4293 1060 240 60 fumier
4603 1053 322 76 politique

3499 1188 37 36 a
3604 1172 439 67 gangrené..,.

3975 1258 445 76 Dominique
4485 1246 342 68 Battesti.

3606 1400 320 75 L'Eveil,
3955 1422 71 42 »'
4061 1400 102 62 du
4189 1412 84 61 17
4295 1390 326 81 januier
4648 1402 157 62 1925

3968 1507 490 75 BULLETIN

3568 1696 110 58 On
3728 1716 72 38 se
3830 1697 203 72 plaint
4080 1689 273 79 parfois,
4402 1704 159 39 avec
4584 1684 179 72 juste
4786 1678 124 61 rai-

3487 1809 147 50 son,
3662 1809 135 53 que
3813 1789 95 58 les
3930 1785 378 78 quotidiens
4326 1778 351 61 insulaires
4694 1775 215 59 soient

3483 1883 133 57 mal
3680 1883 406 72 renseignés,
4172 1886 211 63 quant
4469 1894 127 36 aux
4675 1872 231 56 évène-

3484 1985 224 46 ments
3767 1976 249 56 locaux.
4042 1970 323 63 Souvent,
4423 1984 82 38 en
4535 1961 172 59 effet.
4734 1978 168 40 nous

3482 2085 388 52 apprenons
3946 2062 449 59 nous-mêmes
4478 2073 115 54 par
4661 2051 237 59 hasard

3480 2159 208 73 qu’un
3746 2161 202 57 crime
3973 2176 34 35 a
4038 2156 104 55 été
4171 2150 278 60 commis
4479 2149 164 57 dans
4672 2146 60 58 la
4759 2144 140 59 Cir-

3479 2270 202 41 narca
3714 2272 86 39 ou
3830 2246 240 62 dansla
4102 2244 302 67 Casinca,
4449 2251 82 59 et,
4565 2241 53 58 si
4649 2241 60 59 la
4740 2237 157 60 mal-

3477 2344 256 60 chance
3809 2350 149 51 veut
4000 2359 130 53 que
4178 2357 172 39 nous
4403 2339 278 71 n'ayons
4778 2351 116 56 pas

3476 2437 85 58 de
3616 2433 520 76 correspondant
4192 2431 168 60 dans
4410 2430 62 59 le
4531 2429 238 72 village
4806 2428 85 56 où

3473 2530 157 59 s'est
3685 2527 311 61 déroulée
4023 2524 569 68 l'affaire
4320 2520 79 78 —
4405 2524 187 68 nous
4647 2542 80 38 ne
4749 2540 147 40 sau-

3473 2623 185 58 rions
3715 2641 84 41 en
3828 2618 181 77 avoir
4059 2628 509 63 partout
4353 2612 73 87 —
4433 2628 131 63 nos
4611 2616 281 58 lecteurs

3471 2735 85 38 ne
3634 2715 466 71 l’apprennent
4180 2730 261 41 comme
4514 2729 170 41 nous
4753 2720 139 64 que

3469 2826 122 54 par
3652 2823 284 42 raccroc.

3548 2884 91 57 La
3685 2882 206 59 vérité
3919 2889 96 50 est
4054 2899 134 54 que
4216 2883 63 56 la
4301 2881 190 59 tâche
4518 2882 82 57 de
4643 2877 248 62 l'infor-

3466 2987 283 54 mateur,
3808 2978 38 55 à
3896 2972 286 73 Ajaccio,
4230 2975 661 75 estsingulièrement

3464 3068 288 75 ingrate.
3812 3068 128 57 Des
3996 3066 241 61 crimes
4283 3079 290 64 peuvent
4618 3087 69 39 se
4714 3086 173 40 com-

3463 3173 242 47 mettre
3762 3160 82 60 ici
3882 3179 83 49 ou
4018 3160 104 59 là
4096 3156 43 85 :
4172 3160 70 60 Si
4302 3182 169 40 nous
4539 3164 146 57 n'en
4715 3179 173 40 som-

3461 3274 146 39 mes
3662 3274 121 52 pas
3841 3252 315 61 informés
4211 3255 458 70 directement,
4687 3248 103 82 ni
4789 3248 98 82 le

3460 3347 319 75 Parquet,
3854 3348 62 57 ni
3971 3347 56 57 la
4071 3346 501 69 Gendarmerie,
4651 3368 82 39 ne
4811 3366 74 40 se

5075 237 13 28 nd
5867 240 87 10 —
5998 239 10 6 .
6021 238 37 6 —

5645 251 19 6 -
5673 234 60 28 —
5740 245 37 7 —

4838 266 125 8 ——
5001 266 18 5 —

5026 323 78 56 do
5165 324 234 52 neront
5478 312 61 55 la
5586 309 196 71 peine
5830 303 80 58 de
5957 314 167 43 nous
6180 309 80 40 en
6292 279 141 84 pré-

5024 411 206 60 venir.
5272 408 90 57 Le
5419 403 292 68 Parquet
5767 404 63 49 et
5858 394 58 56 la
5948 371 473 88 Gendarmerie

5020 524 83 39 ne
5132 521 69 39 se
5246 494 440 63 souviennent
5736 487 80 57 de
5856 483 372 59 l'existence
6258 472 79 59 de
6366 468 58 58 la

5018 614 220 56 presse
5310 608 130 53 que
5468 579 329 75 lorsqu'ils
5878 594 78 39 en
5999 582 117 47 ont
6172 558 247 82 besoin.

5017 690 85 56 Ils
5162 706 79 38 ne
5283 679 328 62 semblent
5675 691 116 53 pas
5846 678 420 59 soupconner
6334 674 84 39 un

5012 779 139 60 seul
5211 778 247 55 instant
5540 787 130 54 que
5741 757 246 65 celle-ci
6043 775 35 37 a
6136 772 88 39 un
6286 749 134 59 ròle

5011 872 158 59 utile
5219 871 34 55 à
5302 862 291 75 remplir,
5659 870 64 48 et
5785 863 155 65 peut
5982 844 250 79 parfois
6288 842 130 58 mé-

5007 986 105 38 me
5156 965 94 57 les
5305 959 183 59 aider
5542 953 444 60 efficacement
6053 942 167 57 dans
6267 936 148 60 l’ac-

5005 1060 548 73 compagnement
5615 1048 82 57 de
5750 1046 143 57 leur
5929 1032 208 83 tâche.

5081 1155 96 56 Au
5235 1144 348 68 contraire,
5636 1142 141 59 leur
5830 1131 180 63 souci
6066 1124 346 62 dominant

5002 1247 248 59 semble
5304 1245 157 64 étre,
5521 1238 115 58 dès
5680 1253 129 54 que
5873 1225 209 73 surgit
6136 1237 131 40 une
6320 1214 89 60 af-

4999 1340 184 66 faire,
5231 1339 80 56 de
5337 1335 63 58 la
5443 1340 238 51 mettre
5718 1344 157 41 sous
5903 1322 59 59 le
6007 1314 306 63 boisseau
6344 1319 63 49 et

4996 1433 82 57 de
5131 1427 319 62 l'étouffer
5495 1426 62 57 le
5611 1422 149 74 plus
5805 1418 427 75 proprement
6259 1423 146 56 pos-

4995 1519 183 74 sible.
5935 1588 14 22 |

5073 1599 128 58 Des
5260 1596 240 58 crimes
5542 1592 31 56 ?
5640 1591 49 57 Il
5747 1608 82 39 ne
5902 1603 130 41 s’en
6117 1584 285 55 commet

4991 1713 138 55 pas.
5216 1690 128 59 Des
5398 1683 401 63 incendies
5746 1678 64 94 ?
5847 1682 129 58 Des
6024 1674 189 64 viols,
6284 1668 113 59 des

4989 1781 508 78 escroqueries
5447 1772 77 91 ?
5550 1776 453 63 Connaissons
6084 1786 118 57 pas
6252 1767 14 58 !
6301 1763 94 59 De

4988 1891 179 48 toute
5194 1878 238 70 façon,
5520 1876 155 56 c’est
5743 1881 190 47 notre
6003 1863 273 68 affaire;
6357 1859 37 55 à

4985 1991 163 38 vous
5214 1970 207 57 d’être
5493 1984 203 39 assez
5748 1960 237 59 malins
6049 1974 172 54 pour
6296 1952 96 57 les

4980 2058 360 84 découvrir.
5982 2126 13 12 |

5058 2138 104 60 Oh
5194 2137 14 58 !
5239 2156 84 40 on
5343 2155 83 37 ne
5458 2152 168 41 nous
5656 2137 372 68 opposerait
6054 2141 157 43 sans
6233 2121 156 60 dou-

4978 2244 65 50 te
5089 2252 114 56 pas
5231 2251 90 39 un
5352 2228 181 60 refus
5554 2224 491 77 systématique,
6107 2219 55 59 si
6219 2235 166 40 nous

4977 2324 435 63 demandions
5458 2323 116 58 des
5629 2319 591 86 renseignements,
6276 2329 111 41 car

4976 2442 76 40 ce
5102 2419 196 62 serait
5351 2418 148 75 plus
5543 2436 222 54 grave.
5806 2412 162 60 Mais
6022 2429 86 40 on
6180 2405 117 61 fait
6323 2404 59 58 le

4974 2531 173 46 mort
5199 2534 82 41 on
5350 2532 170 40 nous
5592 2510 197 59 laisse
5835 2525 166 42 nous
6055 2498 328 63 débrouil-

4973 2612 117 58 ler.
5142 2610 96 61 La
5282 2605 288 76 presse
5527 2592 62 93 ?
5599 2604 230 60 Peuh
5782 2592 63 93 !
5880 2621 70 50 ca
6000 2596 107 61 n'a
6162 2613 214 41 aucun

4972 2706 253 68 intérét,

5050 2781 170 60 C'est
5271 2798 132 39 une
5457 2776 271 59 théorie.
5816 2773 177 60 Nous

4970 2878 38 55 à
5050 2874 267 75 l'usage,
5376 2891 78 40 ce.
5528 2868 236 76 qu'elle
5816 2877 171 49 vaut.

4968 3012 118 61 Du
5128 3005 255 79 méme,
5435 3028 73 43 n°
5564 3007 100 63 du
5717 3024 86 44 22
5836 3003 322 84 Janvier
6208 3015 162 66 1925

5426 3106 488 104 BULLETIN

5044 3266 136 58 Mon
5234 3263 290 60 excellent
5561 3262 262 60 confrère
5875 3257 247 61 Vincent
6148 3256 71 60 de
6261 3257 107 58 Pe-

6078 2784 292 51 verrons,

6172 185 9 17 +
6372 200 2 3 A

6123 213 7 4 =
6427 217 46 7 —
6509 216 22 6 —
6544 213 59 8 —
6630 209 130 9 ———

6165 213 8 29 _—
6213 219 194 16 ae
6385 213 25 29 i
6949 203 229 38 ae...

4967 3345 145 66 retti,
5186 3341 136 59 dans
5391 3356 103 43 son
5560 3339 223 58 dernier
5845 3335 215 69 article,
6121 3334 244 61 relatif
6308 3330 58 85 à

6512 266 52 58 la
6618 262 218 61 cléture
6911 270 265 68 générale
7248 287 66 63 de
7364 301 50 63 1
7438 272 68 104 n
7568 305 78 41 «

6510 375 134 42 avec
6697 372 99 42 son
6857 356 174 61 tulent
7075 367 308 88 Coutumier
7396 346 63 126 le
7502 351 24 43 a

6506 451 178 77 grives
6737 456 55 48 et
6848 447 86 59 les
6987 463 265 64 pouvoirs
7311 446 160 123 publie
7529 450 39 50 mn

6578 544 103 55 Les
6730 559 219 42 raisons
6992 563 106 58 que
7154 554 199 84 fournit
7405 589 53 60 M
7489 532 37 50 8,

6503 655 136 61 pour
6673 635 250 76 justifier
6978 638 80 59 les
7114 662 245 64 mesures
7405 620 78 140 Pri
7527 620 48 66 de
7620 657 66 75 hi

6499 731 385 64 ministralion,
6965 749 65 40 en
7087 754 63 43 ce
7206 755 91 66 qui
7352 716 157 125 once
7585 725 98 92 RE

6498 825 187 60 tection
6734 823 98 56 des
6902 826 184 72 grives
7114 847 59 49 et
7218 843 94 62 des
7343 807 186 133 merle._
7621 819 55 89 ai

6495 918 273 58 damment
6836 916 132 59 d'un
7012 928 172 67 grand
7255 947 151 66 poids
7476 914 47 118 e:
7563 916 95 98 Son.

6493 1012 142 57 mine
6710 1027 92 42 ces
6851 1012 253 76 oiseaux,
7164 1023 40 56 il
7261 1037 117 63 ren

6490 1106 92 68 Or,
6643 1104 34 56 il
6753 1105 241 73 importe
7049 1114 141 70 qu’il
7249 1140 66 46 en
7385 1159 98 56 resta
7635 1147 10 54 ©}

6487 1200 84 57 les
6623 1199 262 57 nemrods
6944 1201 30 55 à
7031 1207 174 74 venir,
7292 1230 100 60 soit
7439 1177 82 146 Don
7571 1201 99 87 Bo.

6484 1293 167 77 grand
6721 1292 135 58 bien
6906 1293 66 58 de
7027 1295 378 91 l'agriculture
7501 1276 27 43 ÙN
7603 1290 65 61 e;

6580 1369 78 60 Ce
6680 1376 131 52 sont
6857 1369 68 59 de
6955 1378 237 69 grandes
7238 1372 200 102 associa

6481 1482 152 42 seurs
6687 1464 402 62 continentaux
7147 1478 94 70 qui
7295 1502 90 50 ont

6481 1560 207 57 fussent
6739 1560 182 72 prises
6972 1577 93 43 ces
7119 1583 251 63 mesureg
7417 1585 62 80 de

6479 1676 26 34 «
6537 1653 167 72 Mais,
6761 1652 230 61 d'autre
7019 1669 145 63 part,
7224 1666 83 65 les
7309 1634 179 137 chagge
7560 1638 30 129 ol

6475 1748 281 62 affirment
6837 1763 111 58 que
7000 1749 53 59 le
7101 1761 180 60 merle
7332 1785 49 50 et
7426 1787 48 63 la
7516 1711 26 125 ùn
7616 1767 47 55 i

6474 1842 265 61 nuisivles
6822 1843 30 56 à
6909 1837 403 97 l'agriculture,
7367 1886 47 46 et
7515 1826 141 87 BtÎte
7620 1822 37 109 ;

6464 1936 219 76 époque
6711 1940 80 56 où
6823 1935 114 59 l'on
6976 1939 194 72 puisse
7201 1946 81 66 les
7310 1915 193 131 chasser
7556 1917 57 113 la

6468 2045 319 43 commence
6842 2046 73 42 au
6969 2047 247 52 moment
7270 2057 68 52 où
7411 2066 45 62 Ja
7525 2019 135 131 LR

6466 2108 258 98 clôturée.
7499 2102 92 63 has

6541 2247 61 14 ...
6636 2200 302 72 Pourtant,
6986 2208 246 79 puisque
7282 2222 124 71 dang

6462 2295 340 112 partements
6858 2314 72 43 on
6985 2317 30 42 a
7056 2308 273 83 prolongé
7369 2290 180 138 disque
7572 2299 62 125 à

6464 2409 162 53 vrier,
6657 2425 73 7 —
6759 2399 282 67 peut-être
7108 2409 182 60 méme
7357 2422 112 72 plus
7529 2460 35 53 |
7609 2384 45 82 N

6460 2487 138 60 délai
6656 2487 236 59 accordé
6965 2506 142 57 pour
7154 2497 54 58 Ja
7236 2505 187 72 chasse
7428 2476 93 125 au
7567 2479 72 54 Md

6458 2585 27 57 à
6538 2583 57 58 la
6645 2581 182 76 grive,
6884 2591 276 70 pourquoi
7231 2602 125 63 n'en
7370 2574 118 122 pas.
7592 2580 41 92 Ri

6456 2677 223 77 proliter
6740 2672 314 87 également
7053 2672 110 87 les
7208 2661 275 121 chasseurs
7506 2658 96 133 hi

6453 2775 58 58 Si
6558 2791 62 43 ce
6665 2776 145 56 mois
6908 2775 67 58 de
7019 2801 24 29 «
7077 2783 184 65 rabiot
7289 2822 13 31 ,
7364 2818 77 49 est
7504 2832 46 55 ai
7537 2741 90 119 Ca

6451 2870 132 59 dans
6642 2868 54 59 le
6745 2868 162 74 midi,
6943 2888 283 53 comment
7279 2848 207 133 serait-il
7517 2848 58 133 in,

6452 2965 85 60 ble
6588 2964 129 59 chez
6772 2968 207 60 nous?
7047 2970 48 59 Il
7145 2999 40 52 y
7238 2999 33 40 a
7323 2928 117 148 peut
7565 2942 71 130 à

6449 3077 106 44 une
6600 3060 323 60 excellente
7002 3066 220 75 raison,
7303 3090 127 60 mais
7493 3038 90 145 lan
7624 3089 7 25 :

6448 3172 84 41 ma
6574 3155 324 71 confusion,
6945 3175 107 58 que
7112 3164 57 76 je
7216 3186 70 45 ne
7335 3179 51 61 Ja
7425 3191 46 58 di

6523 3232 67 60 Je
6639 3249 66 43 ne
6769 3232 298 74 demande,
7127 3242 76 61 du
7235 3265 139 51 reste
7423 3211 104 143 qu'à
7526 3225 108 125 LÈ

7574 3316 13 40 d
7586 3312 55 66 fi:

6446 3332 174 56 naître
6665 3337 53 51 et
6762 3332 34 55 à
6837 3331 57 58 la
6940 3331 367 82 divulguer...

7567 1019 72 56 00,
7655 1015 26 74 -

7425 1071 177 92 l'Ester,
7629 1056 51 61 U

7645 1385 7 7 .

7664 1427 6 22 -
7663 1314 6 8 .
