8498 11776
1917 274 278 222 oo
2620 274 2332 222 ee
5599 274 56 222 nl
5654 274 75 222 a
5728 274 223 222 rar
5950 274 741 222 aU
6690 274 1129 222 CE

499 596 263 74 biancu,
830 583 416 87 scapigliatu
1279 600 35 41 e
1351 573 334 74 incirlitu,
1728 569 168 85 fieru

501 701 241 79 quante
801 695 133 59 avè
1005 682 397 87 sgradigatu
1441 694 138 42 una
1613 664 281 95 rugula:

503 919 33 43 a
579 894 225 64 teme
759 868 69 101 !
847 879 59 73 È
953 885 255 65 incinta
1264 879 65 64 di
1363 875 100 65 sei
1513 893 43 41 o
1597 877 147 56 sete
1767 886 141 44 me-

505 999 59 62 si
604 1002 16 58 !

579 1137 83 10 —
689 1097 232 64 Cumu
965 1084 311 71 incinta
1212 1078 52 102 ?
1299 1082 113 63 ?...

583 1239 77 12 —
697 1197 130 65 Chi
859 1194 256 65 c'entre
1140 1210 47 42 u
1219 1202 198 48 cumu
1445 1181 37 61 ?
1517 1174 152 64 Sile
1700 1167 137 76 voi,
1872 1184 41 42 u

509 1305 286 73 dottore,
867 1318 43 42 o
958 1279 128 79 chè
1117 1274 150 78 2....
1301 1278 301 84 Andate,
1639 1267 275 75 andate,

510 1406 102 63 chi
657 1402 50 62 li
735 1401 401 84 passarà....
1178 1385 180 65 Binti
1411 1371 279 70 franchi
1731 1371 14 57 !

598 1503 55 64 E
688 1505 104 79 pò
847 1495 174 66 usi
1062 1487 316 85 lesciò....
1464 1512 22 24 =

590 1599 296 83 Quandu
954 1577 435 96 Carl'Andria
1476 1571 302 87 ghiunse
1848 1562 70 61 in

514 1726 149 45 casa
714 1704 21 60 i
789 1700 206 65 truvò
1060 1687 178 65 éutii
1288 1681 67 60 in
1399 1681 241 56 stanza
1681 1666 70 62 di
1799 1661 123 64 Pe-

515 1817 106 53 tru
676 1802 247 63 Santu.
1024 1789 261 77 Tempu
1375 1759 479 95 ch'ell'affaccò
1853 1759 49 95 :

586 1932 86 48 —
701 1898 246 65 Allòra
1021 1888 111 65 chi
1195 1878 145 67 l'ha
1388 1871 250 65 dettu?

563 1988 139 79 "Ah
733 1998 268 70 zittate;
1060 1986 274 72 zizzate,
1402 1977 91 81 pò
1530 1963 204 96 bidè
1765 1985 48 74 ;
1833 1976 90 45 un

532 2107 87 64 mi
648 2091 365 96 parlate
917 2087 88 104 di
1004 2087 36 104 1
1086 2079 270 74 dottori,
1379 2095 41 43 o
1441 2072 71 63 di
1534 2052 386 117 cum'ed'el-

520 2209 44 60 li
613 2223 39 42 o
711 2187 410 75 amosciassi
1170 2184 18 60 !
1241 2178 54 62 È
1355 2177 86 79 pò.
1530 2180 260 81 quessu
1866 2176 58 41 ©!

522 2303 265 84 capisce
854 2296 257 81 quante
1180 2278 177 65 Orsu
1434 2265 400 83 Ghiuvanni
1890 2274 37 42 a

523 2401 221 83 leghie
798 2415 43 42 a
888 2379 386 87 «stateghia.
1299 2370 183 67 M'ha
1518 2360 290 67 bulsutu
1829 2356 97 61 in-

524 2500 174 67 ficuli
738 2496 111 64 chi
891 2512 41 43 a
953 2496 322 74 persona
1313 2473 34 62 è
1383 2457 274 95 incinta
1705 2461 25 57 !

603 2603 205 61 Petru
849 2582 247 76 Santu,
1169 2569 379 74 incionfatu
1614 2577 73 44 in
1734 2553 195 86 quel-

527 2707 60 60 lu
646 2691 352 86 sguaglile
1026 2682 173 67 tirò
1239 2695 123 53 un.
1392 2680 327 69 SUSPITU
1664 2674 54 107 :

684 2752 41 31 D
971 2791 14 12 .
1199 2781 13 12 .
1644 2766 42 29 2
1823 2754 16 21 ?
1886 2749 43 65 I

601 2837 83 11 —
714 2797 108 65 Ah
861 2796 16 58 !
921 2784 414 86 disgraziatu
1380 2774 100 59 !...
1524 2763 172 64 Cusì
1736 2755 147 63 ch'e

529 2905 129 62 l'un
730 2895 178 63 fussi
953 2893 15 61 !
998 2892 32 91 !
1080 2910 38 38 »

1235 3024 91 64 A.
1361 3019 84 64 F.
1488 2999 356 75 Tristani.

694 3323 503 126 CRONACA
1268 3295 504 131 AIACCINA

1074 3628 40 34 ,
1160 3585 325 78 Théàtre
1519 3569 421 80 Municipal

568 3747 266 72 _Foule
899 3722 624 107 particulièrement
1579 3698 232 106 dense
1850 3726 87 43 au

542 3857 61 63 S'
640 3844 295 82 Gabriel
972 3845 93 58 où
1100 3836 67 62 la
1211 3823 253 94 grandè
1532 3814 248 68 artiste
1806 3805 132 101 Co-

543 3977 67 43 Pa
655 3925 451 109 Laparcerie,
1147 3922 453 74 l'émouvante
1647 3911 286 67 Fabien-

545 4078 81 44 ne
684 4052 84 64 de
826 4037 494 75 l'Insountise,
1369 4026 198 63 tient
1614 4017 69 63 la
1737 4016 201 61 scène

546 4157 155 64 trois
779 4153 207 83 Jours
1061 4121 259 106 durant
1371 4132 176 98 avec
1621 4131 78 52 sa
1771 4106 167 111 mai-

547 4258 154 65 trisé
768 4238 385 76 habituelle
1189 4233 68 67 et
1305 4249 89 46 un
1420 4231 110 64 art
1617 4226 322 58 Cousom-

549 4364 99 56 mé
699 4356 88 62 de
849 4343 269 91 grande
1179 4329 465 96 tragédienne.

620 4448 181 73 Tout
883 4442 288 93 Ajaccio
1235 4438 183 63 veut
1504 4424 158 68 voir
1726 4421 219 84 -jouer

551 4545 468 82 l'Insoumise
1052 4565 126 69 par
1218 4542 66 62 la
1332 4533 179 67 belle
1537 4527 210 92 Cora;
1781 4520 162 65 fem-

553 4667 96 61 me
709 4658 85 64 de
865 4655 306 91 Jacques
1239 4642 83 64 de
1366 4628 381 88 Rickhepin,
1827 4623 145 64 l'é-

554 4764 249 66 srivain
864 4756 179 63 bien
1116 4741 220 93 connu
1363 4746 67 58 et
1461 4728 366 73 belle-fille
1864 4722 84 65 de

555 4864 338 72 l’éminent
962 4854 171 66 Jean
1165 4834 358 94 Richepin,
1552 4834 118 64 de
1727 4829 216 64 l'Aca-

557 4961 231 86 lémie--
843 4937 404 109 Française,
1313 4965 90 45 un
1422 4938 140 93 ami
1607 4935 88 65 de
1705 4929 242 66 notre

558 5070 79 64 le
695 5062 183 91 qu'il.
917 5058 205 85 visita
1153 5061 39 57 à
1208 5048 354 96 plusieurs
1626 5035 320 102 reprises.

628 5156 344 100 Ajoutons
1021 5177 158 67 que
1232 5145 175 103 ces:
1447 5126 505 121 sensationnel-

560 5275 85 63 les
713 5260 583 96 représentations
1342 5255 229 76 seront
1632 5240 323 92 suivies
1883 5234 68 102 à

562 5376 138 64 ref
761 5368 210 78 délai,
1024 5364 114 71 dé
1179 5355 262 95 soirées
1458 5344 522 96 pugilistiques

563 5480 80 75 lu
695 5464 180 103 plus
951 5469 176 70 haut
1181 5448 311 82 intérêt
1438 5437 78 116 ;
1556 5451 400 98 rencontres

565 5569 147 99 que
772 5566 95 73 M.
915 5592 14 54 ;
966 5568 218 78 Ricci,
1289 5561 63 64 lè
1470 5546 490 111 sympathique

566 5684 325 81 lirecteur
953 5674 112 80 du
1133 5672 283 83 théôtre
1477 5661 109 61 est
1642 5673 96 50 en
1785 5657 169 55 train

567 5764 414 105 l'organiseà
1023 5764 188 73 avec
1233 5765 117 65 des
1400 5762 303 91 boxeurs
1729 5749 120 96 “de
1884 5746 72 65 li-

569 5908 137 65 me.

639 5986 97 64 Le
770 5980 216 79 noble
1034 5983 108 59 art
1194 5976 184 61 étant
1413 5970 140 71 très
1568 5960 263 87 prisé,
1864 5949 97 97 ici

571 6097 155 74 10u5
779 6077 331 71 SOMMES
1152 6055 317 84 d'avance
1514 6050 305 109 certäins
1829 6054 136 64 du

573 6173 258 87 succès
867 6173 71 80 le
993 6171 156 95 plus
1190 6172 472 85 retentissant.

1663 6346 303 76 Kyrnos

577 6575 11 12 .
647 6521 97 70 La
798 6517 264 77 Revue
1110 6527 192 66 corse
1328 6495 303 89 Kyrnos
1670 6500 298 85 paraîtra

579 6622 522 80 ncessamment
1138 6622 163 53 sous
1316 6607 417 87 l'éminente.
1751 6592 217 90 direc-

580 6727 125 62 ion
724 6721 84 66 de
834 6726 204 71 notre
1063 6714 136 83 ami
1215 6709 165 66 Paul
1407 6702 348 80 Graziani,
1774 6699 195 83 l'éru-

581 6826 84 64 lit
686 6808 865 95 archiviste-paléographe
1581 6802 106 76 de
1710 6804 67 62 la
1792 6799 178 92 Cor-

582 6940 80 53 se.
669 6897 139 110 Elle
838 6941 167 62 sera
1024 6918 282 84 rédigée
1320 6933 87 46 en
1433 6910 297 84 langues
1750 6901 216 76 corse,

583 7015 324 89 ‘rançaise
953 7030 69 58 et
1052 7017 320 95 italienne
1408 7021 67 74 et
1507 7033 47 64 y
1589 6992 401 81 collabore-

585 7137 135 73 "ont
733 7128 101 64 les
853 7112 359 93 meilleurs
1223 7115 367 88 écrivains:
1617 7108 329 87 critiques,

586 7229 393 79 historiens,
1041 7228 236 81 poètes
1314 7225 94 57 et
1437 7199 431 106 prosateurs.

652 7330 132 88 Les
812 7326 468 82 nombreuses
1298 7316 375 88 demandes
1696 7309 282 91 d'abon-

589 7429 255 86 iement
898 7437 71 56 et
987 7427 113 85 de
1124 7408 516 97 collaboration
1664 7433 137 68 que
1852 7421 126 53 son

590 7516 565 112 lirecteur-reçoit
1175 7511 636 97 quotidiennement
1824 7519 158 85 soni

592 7633 73 67 in
677 7633 456 85 témoignage
1159 7625 316 85 éloquent
1495 7621 100 88 de
1611 7619 84 84 la
1731 7623 247 82 néces-

593 7738 113 63 ;ité
733 7733 116 66 de
879 7739 206 72 cette
1110 7728 252 85 Revue
1388 7733 131 80 et
1555 7723 102 74 du
1726 7721 254 81 succès

594 7829 150 70 lont
824 7834 138 79 elle
1020 7824 109 93 est
1164 7830 299 79 assurge.
1924 7878 52 34 ~w

658 7938 60 62 A
778 7955 78 44 ce
884 7945 343 67 nouveau
1246 7925 323 86 confrère
1593 7927 73 62 A
1708 7920 277 87 Muvra

597 8027 273 87 idresse
916 8055 135 53 ses
1078 8033 157 83 plus
1276 8021 356 92 cordiaux
1671 8018 313 90 souhaits

598 8138 68 62 le
745 8125 412 98 bienvenue.

633 8443 117 72 .Le
791 8443 380 76 baromètre
1212 8424 782 88 demeure-obstinément

603 8547 65 46 tu
715 8536 167 58 beau
937 8533 136 60 fixe
1107 8531 261 85 depuis
1419 8532 116 77 six
1566 8524 338 72 semaines
1932 8531 72 50 ef

604 8628 137 75 l'est
789 8625 167 88 bien
1023 8646 91 48 en
1167 8626 76 56 ce
1302 8601 295 100 moment
1611 8605 79 92 —
1731 8630 87 50 et
1851 8602 155 85 seu-

606 8729 220 75 ement
850 8738 85 38 en
966 8738 78 50 ce
1072 8727 381 67 moment
1376 8700 54 108 —
1469 8716 133 75 que
1620 8704 198 71 notre
1843 8709 153 60 ville

607 8808 213 61 nérite
889 8816 128 54 son
1059 8799 397 86 appellation
1499 8827 28 31 «
1559 8791 336 89 d'Ajaccio
1936 8789 59 70 la

608 8900 277 60 Blanche
911 8923 61 37 ».
1733 8888 66 25 I

632 8984 143 66 “La
794 8999 152 52 mer
969 8976 126 76 ‘est
1112 8992 243 79 d'huile
1384 8992 98 77 ;le
1520 8991 152 60 ciel
1722 8985 108 63 est
1846 8978 177 67 d'un:

610 9085 131 56 leu
789 9080 831 94 incommensurablement
1692 9077 304 80 profond,

612 9185 117 47 vas:
753 9184 94 47 un
874 9184 248 64 nuage,
1143 9175 70 59 si
1250 9167 176 87 léger
1438 9167 256 87 soit-il,
1711 9172 89 61 ne
1824 9171 179 59 vient

613 9276 61 46 ni
742 9260 303 64 troubler
1099 9267 75 58 la
1240 9253 276 85 pureté
1474 9249 50 98 ;
1545 9279 84 49 et
1666 9265 78 61 le
1780 9260 241 83 (soleil

614 9357 170 57 lune
851 9358 329 71 éclatante
1219 9358 374 80 luminosité
1648 9359 358 72 augmente

615 9441 233 86 ‘haque
870 9447 186 71 jour
1104 9448 101 75 le
1251 9450 268 70 nombre
1559 9452 123 60 des
1753 9445 275 69 lézards-

616 9537 95 73 jui
762 9554 71 40 se
908 9538 342 60 chauffent
1307 9529 698 89 -voluptueusement
1937 9525 66 97 à

618 9646 85 38 ses
735 9627 444 62 bienfaisants
1227 9641 348 61 rayons....
1592 9625 242 79 Ofium
1856 9633 148 59 cum

619 9715 341 81 Zignitate.
1632 9728 8 4 |

1520 9846 487 65 Vandalisme

685 9971 133 62 Les
860 9969 370 67 Mimosas
1252 9957 218 94 $ont
1522 9976 88 82 en
1684 9976 209 65 fleurs
1942 9985 69 55 ét

623 10091 105 44 10S
772 10071 212 82 petits
1015 10072 277 86 voyous
1341 10073 85 60 ne
1448 10072 389 87 l’ignorent
1856 10086 147 73 pas.

625 10169 180 63 Aussi
852 10181 197 51 sans
1063 10163 236 95 égard
1345 10172 319 63 -aücun
1690 10183 72 54 ét
1849 10174 178 64 sans

626 10268 239 63 ‘rainte
954 10265 403 89 mettént-ils
1425 10283 101 68 en:
1570 10271 254 80 coupe
1898 10277 112 55 ré-

627 10367 132 83 zlée
806 10358 120 68 les
984 10363 164 82 plus
1197 10362 228 82 beaux
1477 10366 273 65 arbres
1793 10388 84 40 en
1909 10366 104 64 les

629 10462 302 85 nutilant
987 10458 443 65 férocement.
1823 10468 62 29 di

693 10563 169 65 Bien
897 10555 309 69 entendu
1320 10558 185 61 est-il
1534 10561 252 63 bésoin
1840 10560 85 61 de
1953 10561 65 62 le

631 10666 125 64 lire
785 10696 87 11 —
897 10656 95 67 on
1029 10657 216 85 laisse
1280 10651 190 63 faire.

696 10750 143 77 Nos
896 10753 362 68 :-vandales
1325 10750 295 83 peuvent
1699 10733 249 100 opérer
1979 10758 42 54 à

634 10865 173 65 ’aise
858 10868 70 55 et
957 10878 90 43 en
1113 10847 423 70 auraient-ils
1597 10848 72 62 la
1711 10847 191 62 force
1935 10856 111 68 et

636 10985 82 44 es
765 10957 241 68 loisirs
1044 10939 249 103 qu'ils
1327 10939 440 103 pourraient
1827 10943 200 63 déra-

636 11068 173 63 ‘ine
852 11069 170 75 tous
1084 11055 102 62 les
1223 11024 336 124 mimosas
1575 11045 104 61 de
1697 11028 332 97 Pavenue

638 11175 53 57 st
737 11163 122 63 les
904 11162 355 79 emporter
1310 11146 164 87 chez
1500 11149 142 60 eux
1690 11160 169 44 sans
1885 11146 144 55 être

639 11265 396 79 l'avantage
1094 11249 358 86 inquiétés.

707 11360 277 78 Hardis,
1047 11342 127 103 les
1199 11346 186 87 gas!

1930 562 67 162 i

577 831 78 13 —
688 791 277 67 Andate
1021 804 175 65 puru
1240 778 196 66 ch'un
1502 773 110 64 ciè
1674 766 298 70 nunda)

2087 9650 153 81 tati.

2721 553 587 145 Maria
3410 524 683 155 Jentile

2977 787 36 28 er

2133 959 228 62 Versu
2424 974 39 40 a
2534 948 139 63 fine
2739 940 68 62 di
2884 936 230 63 l'annu
3172 922 183 73 1768.
3406 920 22 60 1

1993 1056 335 70 Francesi
2401 1037 255 78 avianu
2736 1038 343 78 occupatu
3155 1024 268 70 Oletta,

1996 1160 288 86 paisone
2345 1151 70 63 di
2473 1172 43 39 u
2601 1137 299 82 Nebbiu.
2988 1118 440 73 Cuniscendu

1997 1252 477 81 l'impurtanza
2537 1230 342 86 stategica
2935 1222 70 62 di
3075 1239 43 77 u
3194 1218 231 103 postu,

2000 1341 345 95 Pasquale
2385 1320 599 99 Paoli,d'accordu
3023 1322 66 60 cu
3112 1315 47 111 i
3196 1329 230 88 paisa-

1998 1451 98 76 ni,
2141 1448 274 94 circava
2455 1439 67 61 di
2570 1421 326 120 ripilialla
2953 1440 39 42 e
3030 1410 99 132 di
3187 1413 68 60 fà
3293 1428 136 65 pri-

2000 1553 292 81 giunera
2354 1561 41 43 a
2474 1526 458 99 guernigione
3011 1516 110 61 d'u
3190 1525 237 68 paese,

2002 1644 180 61 forte
2220 1635 71 61 di
2341 1628 164 67 1500
2590 1617 142 68 òmi
2786 1634 40 43 e
2880 1602 411 89 cumandata
3344 1596 86 61 da

2005 1754 46 40 u
2079 1726 363 68 marchese
2470 1702 473 76 d'Arcambal.
2983 1696 111 64 Ma
3148 1693 23 61 1
3219 1686 210 66 nimi-

2006 1832 64 63 ci
2106 1846 217 45 eranu
2363 1821 68 62 in
2487 1815 343 81 suspettu;
2893 1796 453 89 pruclamonu
3393 1806 37 40 a

2004 1913 205 101 legge
2245 1917 363 77 marziale
2545 1909 55 109 ;
2694 1909 43 62 i
2755 1897 268 94 paisani
3071 1913 91 44 un
3190 1886 244 88 pudia-

2006 2053 91 43 nu
2131 2028 121 86 più
2282 2025 71 63 fa
2389 2017 227 87 nulia.
2896 2072 4 8 |
3278 2089 15 10 |

2090 2128 80 64 In
2241 2123 234 62 Oletta
2537 2108 91 68 un
2700 2109 61 61 si
2803 2102 223 73 sentia
3083 2112 88 44 un
3233 2096 196 83 ziîtu,

2012 2210 321 88 Un'òmu,
2375 2213 328 70 Ghiîuliu
2744 2196 334 104 Saliceti,
3124 2187 186 67 chitò
3345 2203 89 44 un

2009 2330 303 87 ghiornu
2363 2341 44 41 u
2465 2329 210 71 paese
2712 2320 208 49 senza
2981 2318 41 41 U
3059 2292 376 112 permessu

2012 2430 69 64 di
2120 2450 39 44 a
2197 2420 288 91 guerdia
2534 2415 315 62 frencese
2904 2420 36 42 è
3010 2391 212 90 pigliò
3253 2404 183 45 cam-

2011 2546 257 70 pagna.
2307 2528 58 60 A
2408 2543 39 42 u
2486 2514 268 66 ritornu
2820 2502 91 62 fù
2936 2512 228 49 messu
3196 2509 70 43 in
3297 2507 158 69 pri-

2011 2632 325 86 ghiò;ma
2385 2607 174 100 pocu
2603 2616 236 75 tempu
2876 2603 183 79 dôpu
3122 2591 115 64 era
3265 2608 172 63 cap-

2014 2730 220 93 piatu.

2099 2830 63 65 U
2201 2825 412 90 giuvanottu
2650 2808 265 66 rientrò
2955 2802 66 64 in
3060 2814 161 47 casa
3259 2797 175 70 sò1a,

2014 2934 208 77 pienu
2252 2926 170 64 d'ira
2458 2938 122 68 per
2650 2907 356 68 l'affrontu
3055 2899 173 64 fattu
3267 2893 88 63 da
3398 2913 42 40 u

2014 3013 287 85 nimicu.
2340 3014 366 93 Inquant'a
2746 3030 110 45 me
2910 3002 411 66 barbuttava
3371 2996 74 61 u-

2003 3114 97 83 na
2124 3131 410 63 biestemma
2605 3118 246 63 contru
2889 3108 48 63 i
2965 3104 343 81 Francese
3360 3116 80 43 o-

2021 3233 195 64 diati.
2251 3226 102 67 Un
2394 3226 323 82 sargente
2748 3235 44 41 u
2828 3217 195 57 sente
3082 3203 109 65 eli
3239 3218 201 47 mena

2000 3337 88 75 in
2139 3333 204 83 piena
2390 3325 242 65 faccia.
2711 3311 302 67 L'affare
3050 3307 58 65 si
3146 3320 296 70 passava

2018 3431 280 70 davanti
2381 3450 40 41 a
2489 3442 160 48 casa
2716 3418 73 63 di
2869 3412 212 74 Juliu,
3161 3403 279 90 quandu

2011 3542 218 81 prete
2291 3518 349 77 Saliceti-
2699 3521 195 63 dettu
2949 3513 372 66 Pivarinu
3358 3541 86 10 —

2020 3658 261 71 pevaru
2314 3635 68 63 di
2413 3632 388 85 Spagna
2702 3626 72 107 —
2832 3639 123 66 per
2990 3615 111 76 bia
3166 3610 67 64 di
3273 3630 43 43 a
3372 3627 79 44 so

2017 3749 250 58 natura
2305 3734 308 75 ardente,
2671 3726 61 64 si
2778 3731 289 67 truvava
3142 3714 54 63 a’
3238 3710 215 66 fines-

2021 3830 133 79 tra.
2213 3836 317 68 Bidendu
2568 3827 318 70 minà-in
2932 3819 231 67 faccia
3199 3836 42 43 a
3292 3834 43 43 u
3375 3831 78 45 so

2021 3949 312 84 parente,
2410 3934 328 69 Piverinu
2795 3930 178 62 sentì
3059 3943 36 41 u
3151 3938 78 44 so
3296 3918 163 62 còre

2027 4035 450 98 brusgià...
2517 4031 36 106 -
2814 4100 12 7 |

2105 4149 272 82 Tempu
2406 4143 117 85 chi
2545 4132 469 81 Ghuiliu,fòra
3056 4126 67 65 di
3158 4120 300 68 sumina-

2025 4260 75 56 tu
2135 4252 62 63 si
2238 4249 236 82 lampa
2510 4245 70 64 in
2608 4245 201 71 casa,
2830 4224 351 74 Peverinu
3214 4245 46 43 u
3299 4241 154 66 por-

2023 4363 70 56 ta
2122 4355 69 63 in
2212 4367 301 49 camara.
2541 4333 203 95 Dòpu
2761 4356 113 75 un
2913 4334 352 65 mumentu
3308 4343 157 54 sur-

2025 4460 162 63 tinu
2218 4455 164 64 tutti
2417 4473 38 43 e
2493 4450 142 76 dui,
2693 4440 211 70 calmi
2941 4458 112 45 ma
3114 4430 184 89 pieni
3341 4427 121 65 de-

2031 4549 154 78 QE

2112 4667 62 61 A
2260 4667 223 68 noite,
2552 4655 176 66 altre
2792 4651 194 83 jente
3062 4643 58 62 si
3180 4636 283 86 riuninu

2005 4767 213 63 -duve
2256 4761 306 87 Saliceti.
2639 4753 187 68 Eccu
2881 4771 40 42 e
2958 4739 334 72 decisioni
3349 4736 110 92 chì

2034 4869 168 63 funu
2250 4846 324 109 pigliate;
2606 4846 99 76 fà
2740 4853 184 66 saltà
2966 4870 41 44 a
3057 4846 257 74 chiesa,
3348 4840 114 62 chì

2009 4991 140 43 era
2194 4990 39 42 a
2274 4984 322 48 caserma
2634 4959 92 64 d’i
2782 4957 22 62 i
2835 4939 360 111 Frencesi,
3209 4939 272 111 bendi-.

2035 5056 186 105 càssi
2261 5074 127 86 per
2423 5056 224 75 liberà
2679 5083 42 44 a
2759 5057 312 94 Corsica.

2103 5161 341 79 Scavonu
2473 5189 134 44 una
2636 5166 189 65 mina
2814 5143 152 113 chi
2969 5150 362 94 partendu
3352 5147 106 63 da

2037 5301 40 42 a
2108 5297 162 46 casa
2311 5272 303 87 Saliceti,
2664 5252 597 99 ghiunghierebbe
3323 5257 139 58 sot-

2041 5389 81 67 tu
2151 5363 40 80 a
2224 5378 260 72 chiesa,
2526 5357 37 80 e
2601 5360 187 94 dòpu
2832 5369 130 59 avè
2990 5360 173 65 fattu
3200 5376 79 44 sa
3319 5364 146 79 gal-

2038 5484 199 72 leria,
2284 5480 65 63 ci.
2441 5491 320 70 messenu
2822 5472 189 88 tutta
3064 5483 41 44 a
3173 5450 289 98 polvara

2043 5582 233 67 ch'elli
2312 5586 261 59 avìanu
2601 5561 243 100 piatta.
2884 5570 67 88 A
2984 5565 249 86 chiesa
3254 5558 209 66 duvia

2045 5687 186 64 saltà
2260 5705 55 43 u
2340 5679 254 67 tredeci
2643 5670 355 89 ferraghiu
3035 5688 40 44 a
3097 5664 362 95 l'annuttà.

2094 5785 99 67 .U
2244 5803 162 48 core
2452 5781 69 65 di
2553 5777 238 90 Juliu.
2853 5792 119 45 era
3013 5759 319 112 talmente
3347 5759 119 112 in-

2043 5889 331 97 gricipitu
2410 5884 89 65 da
2539 5863 215 105 l'òdiu
2773 5872 357 89 ch'ell'era
3158 5856 332 85 turnaiu

2045 6007 204 51 cume
2304 6007 139 45 una
2513 5982 185 89 palla
2771 5977 69 93 di
2872 5982 261 86 catana
3160 6005 81 24 —
3279 5979 41 50 «
3344 5964 130 65 du-

2041 6113 210 51 mane
2280 6089 209 77 dicia,
2526 6092 174 57 tuttu
2743 6077 378 92 arrabiatu,
3144 6072 326 71 dumane,

2045 6192 389 78 lasciatemi
2477 6183 301 96 accende
2832 6201 42 45 a
2909 6176 258 80 mescia
3197 6175 15 62 !
3244 6171 230 65 M’ha-

2028 6312 112 52 mu
2164 6297 265 64 minatu
2450 6292 84 63 in
2583 6284 257 69 faccia!
2898 6281 181 65 D'un
3113 6275 205 86 colpu
3352 6292 126 45 vo-

2046 6401 149 81 gliu
2225 6378 364 104 mandalli
2643 6389 138 65 in'u
2839 6405 38 44 e
2929 6376 183 83 nule,
3161 6362 314 103 lampalli

2051 6501 176 64 fòra
2241 6486 306 101 d'Oletta
2586 6478 204 80 cume
2817 6485 184 88 palle
3038 6482 70 64 di
3135 6475 345 89 muschit-

2051 6600 216 68 toni...
2615 6620 39 55 "
2934 6650 20 16 la

2134 6743 67 8 —
2246 6683 121 83 Ma
2387 6720 37 45 e
2449 6678 226 86 donne
2651 6674 54 106 e
2721 6714 15 43 i
2767 6688 265 87 zitelli
3055 6704 88 46 un
3164 6682 69 83 la
3261 6679 222 78 sanu?

2055 6805 56 66 E
2175 6823 182 48 case.
2392 6823 39 43 e
2469 6821 48 45 a
2534 6801 196 86 jente
2757 6793 85 64 di
2890 6812 48 44 u
2999 6787 303 67 vicinatu
3346 6781 139 84 sal-

2054 6917 246 77 teranu
2338 6898 401 79 anch'elle?
2787 6973 8 5 __
3150 6971 2 2 |

2138 7048 59 11 —
2196 6993 137 88 Ci
2359 7004 159 68 vòle
2552 7000 86 65 ad
2665 6993 312 78 averteli,
3005 6988 321 86 ordinalli
3347 6995 138 57 sot-

2058 7123 75 56 tu
2172 7131 135 62 una
2355 7126 207 46 scusa
2583 7099 402 91 qualunque
2968 7085 272 112 d'andà
3261 7085 221 112 a'mu-

2048 7184 249 117 tescu,.
2321 7184 240 117 all'òra
2605 7203 265 87 fissata,
2899 7198 91 64 da
3035 7206 39 52 a
3116 7200 191 81 perte.
3369 7188 117 88 op-

2058 7307 214 102 posta
2292 7314 72 65 di
2401 7333 45 60 u
2491 7325 240 78 paese.

2149 7418 125 64 Ciò
2306 7416 115 63 chi
2458 7411 77 65 fù
2564 7408 194 66 fatta.
3359 7439 8 19 ;

2144 7516 585 85 Ouandu,a.sera,
2774 7506 172 83 l'òra
3004 7499 70 65 di
3128 7521 38 42 u
3207 7497 283 90 subissu
3548 7540 6 4 [.

2061 7621 337 72 s'abicinò
2447 7600 107 78 si
2591 7609 185 66 vide
2819 7604 265 76 vecchi,
3142 7590 227 99 donne
3436 7620 56 43 ‘e

2060 7722 242 76 zitelli,
2365 7715 181 68 andà
2615 7708 290 88 infurati
2948 7727 36 43 a
2990 7702 255 87 l'altra
3292 7709 202 79 perte

2067 7826 71 82 di
2177 7847 40 41 u
2268 7838 235 69 paese,
2545 7840 36 39 «
2621 7807 422 71 cunsultassi
3097 7825 126 44 cun
3256 7805 238 73 misie-

2067 7939 93 54 ru
2183 7949 14 42 :
2215 7923 52 64 i
2286 7918 285 91 sguerdì
2607 7911 248 69 incerti
2891 7908 317 67 tradianu
3245 7927 39 43 a
3331 7925 181 65 peu-.

2057 8049 87 45 ra
2172 8028 71 84 di
2290 8044 108 65 un
2424 8017 334 90 periculu
2806 8010 472 93 scunusciutu.

2153 8130 46 73 I
2224 8123 332 76 Frencesi
2610 8105 78 78 si
2693 8097 454 104 dubitavanu
3177 8110 72 63 di
3281 8100 221 95 qual-

1339 8291 60 23 n
1706 8296 26 19 ,
1961 8239 52 64 ~l
2073 8246 217 59 cosa.
2293 8197 168 112 -Una
2531 8218 309 66 staffetta
2918 8203 73 76 di
3043 8225 79 52 ù
3158 8201 373 97 generale!

1310 8300 116 92 La
1459 8300 558 87 Température
3157 8290 3 3 |
3466 8292 17 14 È

2075 8325 693 73 Grand'.Maison:
2823 8318 438 86 ghiunse,:a
3363 8313 135 63 bri-

2072 8433 144 87 glia
2246 8426 274 91 sciolta,
2548 8445 52 43 a
2623 8417 372 91 preveneli
3016 8415 69 65 di
3116 8411 107 84 ciò
3270 8415 115 84 chi
3440 8411 59 71 si

2073 8520 410 100 preparava.
2516 8524 107 65 Un
2638 8509 360 84 traditore
3050 8515 166 67 avia
3236 8507 265 74 denun-

2073 8644 190 64 ziatu
2293 8662 44 41 u
2363 8626 415 92 cumplotiu.
2831 8628 44 66 I
2912 8624 334 70 Frencesi
3265 8624 238 79 corsé-

2075 8756 98 52 nu
2197 8732 241 75 subitu
2476 8736 69 63 in
2578 8752 161 45 casa
2767 8731 69 62 di
2853 8728 309 77 Saliceti,
3207 8735 295 57 truvonu

2058 8845 61 65 ‘a
2173 8844 188 64 mina
2409 8858 37 44 e
2517 8835 349 85 l’impresa
2931 8828 357 83 inferdale
3320 8830 181 65 andò

2080 8945 364 89 auveniu.
2688 9001 298 16 ie

2164 9038 288 92 Saliceti
2498 9048 51 56 e
2583 9039 117 64 uni
2724 9026 211 96 pochi
2951 9034 72 87 di
3058 9033 444 86 cunghiurati

2081 9147 248 80 ermati
2364 9160 302 67 passonu
2707 9158 38 44 a
2809 9157 236 44 mezzu
3108 9123 55 76 a'
3188 9136 240 66 nimici
3451 9157 53 46 e

2081 9241 332 92 pobbenu
2427 9239 288 86 scappà.
2734 9234 193 92 Altri
2959 9236 168 63 funu
3155 9223 350 98 pigliati
3424 9219 79 118 e

2083 9344 387 69 incatinati.
2511 9339 83 66 U
2619 9337 368 86 cunsigliu
3017 9337 69 62 di
3140 9321 250 106 guerra
3397 9327 108 77 ne

2085 9448 367 65 cundannò
2475 9438 540 89 quatordeci
2879 9428 69 103 a
2947 9428 70 103 u
3049 9432 357 88 suppliziu
3437 9440 66 62 di

2085 9572 42 41 a
2158 9555 204 57 rotta.
2400 9542 188 64 Sette
2614 9538 395 86 disgraziati
3056 9521 168 78 funu
3271 9558 232 47 esecu-

2173 9764 122 72 Un
2323 9761 300 87 ghiornu
2659 9758 62 63 si
2757 9748 161 76 vide
2967 9743 188 88 sette
3184 9738 323 100 cadaveri

2088 9864 277 86 ésposti
2393 9849 510 100 publicàmente
2951 9838 280 98 nantu
3164 9834 60 120 a
3276 9850 232 93 piezza

2080 9965 82 64 di
2182 9956 54 73 u
2265 9943 359 101 cumbentu
2646 9947 350 93 d'Oletta.
3025 9958 73 62 Si
3134 9959 250 65 avianu
3421 9962 86 63 da

2090 10072 112 67 stà
2226 10060 211 68 senza
2465 10060 355 85 sepultura
2847 10085 18 37 :
2898 10081 58 43 'u
2987 10058 326 84 culinellu
3328 10061 182 64 fren-

2062 10147 190 100 cese
2262 10152 173 74 avià
2475 10153 251 84 difesu,
2773 10169 191 53 sottu
2993 10172 187 71 pena
3218 10160 70 61 di
3330 10171 175 53 mor-

2091 10267 111 71 te,
2228 10261 68 63 di
2332 10259 325 64 caccialli
2691 10259 70 61 di
2782 10258 159 81 lôcu
2974 10276 40 43 e
3040 10257 69 61 di
3144 10242 363 80 intarralli.

2069 10348 191 91 -.In
2296 10356 235 63 Oletta
2569 10357 58 82 ci
2654 10373 118 64 era
2796 10377 42 38 u
2860 10364 301 77 terrore.
3202 10354 69 62 U.
3314 10347 200 71 timo-

2094 10471 79 52 re
2208 10454 72 61 di
2321 10475 43 42 a
2392 10463 225 66 morte
2650 10471 118 64 era
2803 10453 73 59 in
2913 10453 159 61 tutti
3118 10452 31 61 i
3193 10454 168 68 còri.
3402 10451 112 64 Un

2096 10568 64 41 si
2194 10550 207 64 vedia
2445 10570 95 42 un
2581 10550 308 80 fiatuper
2929 10569 40 50 e
2986 10542 276 84 strade,
3305 10573 43 40 u
3414 10551 103 63 fò-

2100 10664 96 41 cu
2226 10666 122 41 cra
2382 10656 253 71 spentu
2661 10646 70 60 in
2765 10646 74 59 ni
2854 10646 268 74 fucôni,
3172 10668 38 42 e
3255 10636 265 85 vocche

2065 10748 252 69 "mute,
2378 10760 116 66 un
2524 10743 71 59 si
2655 10742 225 63 sentia
2941 10749 128 56 che
3108 10739 407 92 singhiozzi.

2101 10836 199 63 Tutti
2361 10845 316 67 stavanu,
2747 10838 69 60 in
2866 10858 185 61 casa,
3110 10863 109 45 ma
3264 10836 72 73 di
3373 10852 149 80 pin-

2104 10951 184 44 seru
2315 10951 216 43 eranu
2567 10936 71 91 in
2674 10937 238 77 piazza
2947 10958 40 40 a
3038 10961 38 40 u
3134 10940 389 69 Cumbentu

2107 11026 286 65 duv'elli
2429 11029 273 77 iacianu
2735 11030 26 60 i
2792 11042 182 53 sette
2995 11037 337 65 cadavcri.

2195 11125 244 62 Venne
2466 11142 41 42 a
2545 11125 217 77 prima
2797 11107 220 83 noite.
3228 11110 3 3 |

2197 11238 267 63 Maria
2499 11235 268 77 Jentile
2812 11239 373 74 Montalti
3207 11265 119 47 era
3388 11255 138 62 in’a

2109 11355 84 43 so
2229 11350 306 48 camera.
2569 11330 108 63 Un
2703 11332 331 83 pienghia
3060 11337 201 67 mica:
3302 11349 223 68 calata

3504 919 214 56 nantu
3781 929 42 41 u
3874 905 204 77 lettu,
4113 924 43 42 u
4211 912 173 65 capu
4436 880 366 90 ghimbatu
4861 875 67 61 in

3506 1018 214 78 peltu,
3795 1028 39 40 e
3898 1025 215 43 mauu
4163 1001 205 61 nantu
4424 1006 39 41 €
4536 971 384 93 dinocchie,

3510 1108 247 65 l'occhi
3797 1105 232 64 chiosi
4066 1124 15 54 ;
4116 1090 272 93 qualchi
4426 1081 193 67 volta
4662 1096 88 44 un
4791 1092 137 44 sin-

3507 1213 289 85 ghiozzu
3838 1206 46 60 li
3916 1203 226 62 surtia
4178 1198 80 61 da
4302 1212 40 41 u
4381 1181 186 90 core.

3596 1310 154 74 In'u
3820 1304 236 64 calmu
4107 1300 69 63 di
4227 1314 38 43 a
4300 1293 218 65 nolte,
4558 1279 51 61 li
4638 1277 58 62 si
4730 1275 197 84 paria

3510 1415 68 63 di
3616 1418 193 67 sente
3871 1424 141 43 una
4071 1416 168 49 voce
4289 1387 111 65 chî
4464 1403 42 41 a
4571 1377 359 65 chiamava

3509 1535 35 42 <«
3578 1511 57 63 O
3661 1506 278 66 Marì!»
4009 1500 305 64 Durente
4348 1507 40 41 a
4430 1487 217 65 notte,
4681 1477 20 61 1
4753 1494 177 43 MOr-

3513 1615 49 61 ti
3599 1604 487 91 prununcianu
4134 1594 279 66 suvente
4453 1603 43 40 u
4535 1597 204 45 nome
4787 1573 146 71 d'u-

3510 1732 85 44 na
3636 1723 299 70 persona
3975 1720 192 44 cara.
4221 1685 248 86 Quellu
4528 1678 114 65 chi
4706 1676 49 61 li
4792 1674 139 61 ris-

3510 1809 228 88 ponde
3775 1809 218 60 mòre.

3598 1948 79 12 —
3716 1906 60 65 O
3805 1903 275 79 Bernè!
4131 1890 274 92 sclamò
4445 1881 243 67 Maria.

3597 1994 114 94 Ma
3733 1971 259 126 quallà,
4001 1975 222 110 vicinu
4263 1991 53 64 a'
4340 1986 400 75 cumbentu,
4760 1981 175 63 Ber-

3513 2113 449 73 nerduiacia
3999 2097 216 75 nantu
4196 2093 65 97 i
4307 2099 166 64 farri
4474 2085 434 94 micidiaghi.

3515 2223 86 65 Di
3649 2220 20 61 i
3718 2193 177 87 sette
3926 2207 239 77 morti,
4196 2198 352 70 Bernardu
4591 2213 115 47 era
4746 2214 41 40 u
4816 2190 119 85 più

3515 2323 327 86 giovanu,
3885 2335 119 45 era
4047 2309 489 64 u'nnamuratu
4572 2298 71 66 di
4680 2292 254 66 Maria!

3517 2425 135 64 Fra
3691 2441 91 44 un
3815 2417 201 76 mese
4056 2411 306 65 s'avianu
4410 2404 88 65 da
4565 2395 345 69 immarilà

3518 2525 55 65 E
3611 2530 129 59 avà
3785 2510 106 76 stà
3930 2515 368 89 appiccatu
4326 2530 37 43 a
4401 2529 38 43 a
4465 2506 220 65 forca.

3602 2626 221 65 Maria
3858 2618 265 70 Jentile
4169 2616 58 63 si
4288 2625 90 51 ne
4435 2617 201 57 stava
4683 2602 146 69 ina
4860 2619 79 44 so

3520 2748 273 47 camera
3829 2721 292 90 bughia,
4172 2736 104 46 ma
4307 2713 217 66 tindia
4576 2702 364 69 l'arecchie

3518 2852 207 44 versu
3756 2831 13 24 '
3811 2824 407 80 cumbentu.
4264 2817 60 65 U
4359 2837 80 43 so
4480 2817 165 62 còre
4680 2812 263 61 luttava

3522 2955 81 43 cu
3645 2951 146 47 aso
3810 2928 237 88 ragiò.
4102 2922 83 65 Li
4242 2922 61 63 si
4356 2915 197 91 paria
4587 2912 72 64 di
4683 2913 193 60 sente
4906 2924 37 44 a

3522 3034 353 67 Bernardu
3942 3029 117 66 chi
4088 3027 51 65 li
4169 3019 432 69 dumandava
4658 3031 132 46 una
4841 3028 101 45 se-

3523 3137 274 86 pultura
3829 3135 87 65 da
3957 3124 362 74 cristianu.

3608 3239 225 86 Piglià
3864 3256 92 46 un
3987 3233 344 83 cadaveru
4358 3226 88 64 da
4512 3219 236 88 quelle
4810 3215 135 63 for-

3523 3342 127 65 che
3701 3362 39 44 e
3785 3331 167 74 dalli
4015 3357 43 67 a
4119 3321 349 98 sepultura
4494 3343 149 45 .era
4686 3321 184 63 circà
4906 3334 40 44 a

3525 3452 241 58 morte.
3804 3431 225 76 Maria
4051 3435 193 66 vulia
4273 3429 248 89 supelli
4569 3448 39 42 u
4656 3420 292 76 so'inna-

3528 3556 276 56 muratu
3838 3565 39 45 e
3903 3548 91 84 pò
4027 3545 214 62 mòre.

3613 3653 170 83 Aprì
3830 3650 217 82 pianu
4107 3642 205 86 pianu
4359 3658 39 43 a
4427 3640 207 81 poria
4683 3628 70 63 di
4795 3646 39 43 à
4871 3641 79 44 so

3535 3771 273 47 camera
3831 3769 127 65 per
3986 3751 216 60 sorte.
4235 3740 213 65 Passò
4511 3735 141 65 1n'a
4679 3735 273 58 camera

3537 3855 177 66 duve
3751 3853 434 84 ripusavanu
4211 3845 20 63 i
4261 3863 75 44 so
4370 3835 272 79 vecchi,
4707 3824 249 71 s'abbi-

3539 3960 154 65 cinò
3724 3955 68 66 di
3823 3952 46 68 u
3901 3952 210 78 lettu,
4152 3945 262 73 ascultò
4455 3963 44 44 u
4539 3956 81 47 so
4648 3929 255 88 rispiru
4885 3925 56 111 :

3536 4056 412 70 durmianu!
4016 4053 66 65 U
4107 4052 107 81 so
4285 4050 159 62 còre
4502 4032 347 74 cuminciò
4922 4046 37 45 a

3543 4155 316 83 trimmà;
3860 4127 168 117 erà
4036 4127 314 117 figliôla
4400 4144 179 73 sòla,
4640 4131 320 73 arrembu

3541 4265 69 64 di
3656 4248 358 81 vecchiaia
4063 4275 90 68 pe
4182 4253 65 63 i
4288 4256 75 57 so
4391 4239 275 93 parenti
4717 4243 243 79 pensa-

3544 4389 81 45 va
3652 4365 112 66 chi
3802 4360 200 68 s'ella
4020 4357 194 66 fussi
4244 4352 253 68 venuta
4535 4364 42 45 a
4626 4344 190 80 mòreé
4841 4353 125 76 per

3542 4491 39 45 a
3637 4463 209 71 manu
3878 4458 150 69 diu
4082 4458 181 88 boja
4313 4452 79 72 di
4447 4449 240 64 sicuru
4735 4434 229 72 ch'elli

3544 4593 88 46 un
3686 4565 502 91 puderebbenu
4245 4551 419 102 sopravvive
4693 4556 38 55 a
4774 4548 190 101 tantu

3543 4667 265 73 dulore.
3863 4670 119 65 Si.
4019 4668 170 64 sinti
4239 4663 275 82 dunque
4578 4652 383 71 abbattuta,

3542 4775 387 71 sciambarò
3989 4790 40 45 e
4050 4769 168 66 fece
4254 4785 89 45 un
4377 4777 217 69 passu
4651 4751 327 67 indaretu.

3546 4888 122 78 per
3704 4874 470 79 riturnassine
4202 4870 75 63 in
4306 4871 300 60 caméra.

3564 4981 171 64 ‘Ma
3766 4980 167 63 sinti
3965 4976 72 63 di
4063 4978 183 59 nòvu
4286 4990 39 44 a
4358 4975 173 58 voce
4566 4956 403 93 pienghien-

3536 5097 76 53 te
3647 5084 74 63 di
3758 5077 379 68 Bernardu
4187 5068 326 91 gridalli:
4576 5085 41 43 «
4655 5060 58 66 O
4750 5057 229 67 Mari!

3543 5187 56 64 O
3639 5184 237 66 Mari
3819 5171 84 84 !.
3921 5179 104 65 Eo
4060 5176 361 66 t'adurava
4463 5191 39 43 e
4538 5176 74 56 tu
4670 5151 301 88 m'aban-

3521 5289 180 66 doni
3733 5288 19 61 !
3784 5278 135 70 Stu
3957 5301 222 66 corpu
4196 5269 452 90 -struppiatu
4679 5257 293 74 cuntene

3553 5414 41 43 u
3631 5396 161 58 còré
3832 5387 116 63 chi
3997 5379 135 69 s'è
4202 5375 253 92 spentu
4485 5395 102 45 cu
4660 5371 315 73 l'amore.

3547 5492 277 91 Dammi
3896 5510 39 42 a
4014 5469 361 102 sepultura
4444 5481 115 78 in.
4607 5474 254 67 chiesa
4902 5469 68 64 di

3547 5586 160 75 San'
3759 5580 431 85 Francescu,
4229 5585 181 86 *in'u
4473 5580 69 67 a
4575 5575 235 70 tomba
4902 5569 66 66 di

3549 5699 132 65 mei
3714 5699 16 61 !
3787 5720 54 40 ».
4291 5706 29 6 Ùn
4839 5668 6 4 |

3634 5798 217 65 Maria
3889 5801 155 81 aprì
4078 5816 51 69 a
4158 5800 196 79 pôrta
4381 5789 69 64 di
4489 5804 167 48 casa
4692 5806 37 43 e.
4799 5784 171 60 surtì

3551 5897 38 71 a
3657 5910 198 55 mezu
3911 5896 305 88 bughiu,
4281 5893 323 64 s'avanzò
4674 5904 205 48 versu
4933 5902 70 61 a,

3553 6007 236 84 piazza
3825 6001 73 65 di
3935 6021 47 54 u
4018 5997 398 76 cumbentu.

3636 6107 60 62 A
3741 6111 194 58 notte
4007 6112 124 52 era
4161 6117 221 51 scura.
4441 6085 140 74 Per
4643 6086 330 71 mumenti

3556 6231 39 43 a
3635 6209 321 83 timpesta
3983 6190 373 100 cacciavai
4413 6196 153 66 nuli
4639 6203 38 56 e
4721 6202 56 60 à
4786 6195 190 80 luna

3558 6310 392 66 schiariava
4083 6326 42 43 a
4228 6307 198 60 farra
4474 6293 175 96 Ma
4743 6318 45 43 u
4871 6294 104 64 lu-

3561 6434 124 45 me-
3726 6411 284 75 celeste,
4060 6402 323 86 -d'orrore
4441 6391 535 98 s'imbuglinava

3562 6517 117 64 n'u
3715 6524 80 55 so
3829 6510 202 78 velu;
4085 6506 266 88 perchè
4385 6495 504 97 quallà,bicinu
4919 6499 58 65 a'

3565 6640 40 42 u
3655 6614 400 77 cumbentu,
4126 6619 177 58 sette
4337 6609 205 65 morti
4585 6592 396 101 ghiacianu,

3539 6736 169 48 unu
3772 6704 319 78 accant'a
4123 6712 250 77 l'altru,
4429 6718 218 57 nantu
4688 6728 40 44 a
4763 6706 252 68 forca.

3600 6831 222 74 "Daa
3879 6836 298 84 cimadi
4216 6855 42 44 u
4297 6829 389 89 campanile
4733 6849 44 43 u
4807 6828 179 63 cioc-

3550 6935 127 92 ciu
3715 6962 38 43 e
3783 6929 47 76 a
3865 6929 370 76 malacella
4260 6923 416 97 lampavanu
4699 6931 38 76 î
4775 6949 79 45 so
4880 6949 107 44 ur-

3567 7046 48 64 li
3644 7043 449 86 spaventosi
4050 7016 59 117 :
4129 7061 127 63 era
4285 7060 44 43 u
4365 7056 255 45 voceru
4663 7032 70 65 di
4796 7020 35 75 i
4850 7048 135 68 po-

3568 7146 145 68 vari
3751 7166 52 44 e
3839 7144 70 65 di
3949 7144 24 64 i
4008 7142 290 79 nucenti
4334 7139 346 85 castigati.
4744 7132 243 67 Bicinu

3510 7336 4 6 |
3570 7252 54 65 a’
3665 7249 258 85 piezza,
3991 7267 97 43 un
4116 7235 412 96 granadieru
4600 7260 39 44 a
4710 7239 60 63 si
4802 7256 188 66 spas-

3500 7366 13 11 1
3570 7351 416 86 sighiava,
3931 7325 59 116 u
4039 7333 230 78 fucile
4292 7366 39 42 à
4356 7331 369 85 l'ermone.
4775 7329 218 74 Pienu

3572 7455 67 70 di
3672 7458 348 81 spaventu
4049 7449 63 64 si
4150 7445 313 89 cupria
4400 7440 87 103 a
4540 7444 221 86 laccia
4827 7463 83 63 cu
4950 7461 41 43 u

3571 7561 77 61 sô
3673 7541 331 79 mantellu
4044 7572 63 58 e,
4153 7548 363 86 biaghiava
4572 7532 211 99 pianu
4849 7526 214 104 pia-
4997 7522 59 116 |

3572 7649 136 73 nu.
3728 7640 219 103 Maria
4001 7654 195 85 s'era
4224 7656 416 60 ammanlata
4679 7669 85 44 cu
4826 7668 40 43 a
4914 7645 79 65 so

3574 7758 287 83 faldetta
3889 7776 126 68 per
4037 7743 320 106 piettassi
4386 7750 284 86 megliu.
4695 7739 324 76 Duman-'

3576 7860 226 66 dendu
3825 7861 68 62 u
3932 7850 437 83 succorsù-di
4421 7873 38 45 a
4498 7853 215 67 Santa
4757 7852 262 79 Madre.

3577 7963 86 65 di?
3700 7951 235 84 dulori
3972 7961 356 78 s'avanza-
4345 7966 128 55 cun
4514 7976 215 65 passu
4758 7955 232 65 decisu

3574 8084 205 46 versu
3816 8084 38 43 à
3887 8060 196 67 forca
4136 8057 359 87 Bernardu
4543 8078 121 46 era
4719 8079 43 43 u
4804 8059 190 64 setti-

3579 8187 194 44 mu...
3801 8186 64 42 u.
3888 8166 253 63 staccò
4163 8186 23 66 ;
4212 8158 62 88 Ù
4292 8171 87 53 so
4396 8165 170 86 còre
4585 8160 218 66 battia
4835 8183 26 57 ;
4888 8164 107 84 pi-

3565 8263 153 91 gliò
3757 8288 46 42 u
3840 8264 363 67 cadavàru
4234 8261 68 65 in
4336 8261 305 81 bracciu,
4688 8286 42 44 u
4772 8285 224 46 messe

3579 8376 212 57 nantu
3818 8388 37 45 e
3884 8346 84 86 so
3996 8342 254 115 spalle.
4261 8350 119 80 Era
4417 8358 351 101 diventatà
4791 8352 211 82 fôrte.

3581 8469 59 66 U
3676 8474 206 82 purtò
3913 8470 69 61 in
4024 8467 327 66 chiesa
4297 8454 72 108 a
4407 8466 136 69 San
4574 8461 416 97 Francescu.

3584 8570 193 67 Custì
3811 8561 157 74 fece
3997 8578 217 69 retta;
4236 8570 292 86 rispirò,
4553 8570 268 89 nantu'i
4851 8560 171 79 $ca-'

3582 8673 122 65 lini
3732 8671 69 66 di
3838 8672 319 79 l’altare
4111 8662 54 105 ;
4201 8682 88 55 un
4324 8671 363 82 luminellu
4725 8668 297 95 brugia-

3581 8795 82 45 va
3702 8774 280 73 davanti
4019 8797 41 44 a
4103 8797 42 44 u
4203 8773 259 87 quadru
4503 8775 70 66 di
4637 8778 387 76 a'Madon--

3583 8896 82 44 na
3719 8876 89 82 di'
3845 8877 275 71 dulori.
4164 8867 316 98 U-corpu
4519 8878 79 65 di
4642 8879 357 78 Bernardu

3569 8979 164 86 avia
3750 8987 217 73 toccu
4003 9000 40 45 e
4071 8978 364 67 dinôcchie
4458 8981 71 63 di
4557 9001 39 44 a
4619 8970 384 98 giôvanôt-

3582 9088 68 56 ta
3688 9099 199 46 cume
3906 9081 245 87 quellu
4148 9065 108 107 di
4271 9070 247 89 Cristu
4546 9076 63 72 e
4641 9069 365 90 dinocchie

3584 9183 67 64 di
3692 9201 38 45 a
3767 9181 374 67 Madonna:
4439 9187 27 28 o
4947 9204 55 33 o

3666 9283 77 65 In
3781 9283 238 81 chiesa
4056 9286 211 63 nisun
4290 9288 299 83 rumore,
4632 9260 207 101 nisun
4885 9271 129 72 lu-

3585 9406 94 44 me
3697 9385 145 65 for’
3878 9385 72 66 di
3977 9409 40 43 a
4053 9387 165 64 luce
4246 9373 187 78 fosca
4443 9385 113 84 di
4586 9407 45 42 u
4660 9363 349 103 lumignô-

3585 9488 67 65 lu
3683 9488 115 65 chi
3825 9489 256 85 brugia
4159 9488 273 63 davanti
4496 9469 315 102 a'figura
4839 9481 75 73 di
4961 9489 46 53 a

3585 9589 410 65 Santissima
4024 9587 317 91 Vergine
4367 9610 18 55 ;
4426 9586 174 83 fora,
4629 9576 72 89 di
4707 9568 206 98 tantu
4936 9579 70 61 in

3587 9697 217 70 tantu,
3836 9709 95 42 un
3971 9689 217 84 colpu
4232 9686 70 64 di
4332 9664 254 114 ventu,-
4618 9668 143 101 pòi
4778 9691 88 52 .u
4916 9680 96 62 si-

3586 9783 222 97 lenziu.
4459 9800 74 77 n
4720 9866 2 2 |
4908 9837 103 22 I

3672 9887 218 65 Maria
3955 9891 247 63 s'alzò.
4223 9881 298 92 Ripuni
4538 9905 139 44 cun
4700 9874 311 94 precau-

3590 9981 193 61 zione
3821 10001 44 42 u
3904 9982 353 63 cadaveru
4293 9978 67 62 di
4388 9967 365 75 Bernerdi
4805 9986 216 70 sopra

3591 10081 46 69 i
3659 10078 249 64 scalini
3965 10081 72 64 di
4073 10080 289 64 l'altare
4399 10089 36 52 è
4496 10077 187 63 andò
4719 10078 205 60 versu
4961 10092 79 61 a

3596 10177 236 90 tomba
3904 10180 72 63 di
4038 10202 41 43 a
4118 10203 86 42 so
4264 10176 333 85 famiglia,
4622 10164 233 93 l'aprì,
4898 10170 116 86 pòi

3593 10275 354 84 pigliendu
3987 10303 43 42 u
4085 10290 234 56 mortu
4351 10279 69 82 Ii
4453 10275 194 63 dede
4682 10292 93 44 un
4808 10269 207 90 baciu

3593 10393 37 42 e
3656 10396 46 41 u
3738 10375 151 67 fece
3921 10378 143 66 falà
4087 10384 232 81 pianu
4340 10375 140 65 in'u
4503 10392 56 72 a
4587 10371 242 65 tomba
4867 10387 39 43 e
4973 10386 42 43 a

3596 10480 216 58 sarrò.

3679 10573 219 67 Maria
3962 10584 191 58 restò
4209 10597 92 43 un
4335 10562 357 100 mumentu
4706 10562 328 100 davanti

3600 10692 37 43 a
3665 10672 223 87 figura
3927 10677 141 64 dia
4124 10676 339 85 Madonna
4527 10689 41 41 e
4630 10670 215 80 pregò
4886 10672 135 53 cun

3603 10771 268 65 fervore
3942 10764 451 96 implurendu
4441 10788 37 43 a
4511 10785 197 66 pace
4763 10761 268 89 céleste

3600 10890 121 61 per
3756 10869 281 68 l'anima
4084 10874 85 61 di
4204 10860 378 86 Bernardu.
4623 10863 129 64 Pòi
4820 10862 63 61 si
4927 10854 96 85 al-

3544 10997 8 8 |
3602 10967 285 62 luntand
3926 10972 72 60 in
4017 10971 308 64 silenziu
4365 10976 41 52 è
4443 10964 265 63 rientrò
4745 10962 71 61 in
4863 10968 162 68 casa

3603 11062 134 64 in'a
3773 11083 84 43 so
3893 11076 307 58 stanza.
4145 11058 31 91 -

3685 11163 62 59 A
3825 11161 212 69 alba
4099 11168 83 73 si
4226 11163 158 65 vide
4438 11161 209 63 ch'un
4684 11145 344 76 cadaveru

3607 11277 332 47 mancava
3975 11286 40 39 e
4051 11263 356 64 ch'ell'era
4452 11258 244 85 quellu
4740 11257 71 61 di
4863 11254 171 63 Ber-

3585 11356 266 96 nardu.
3893 11358 123 64 Sta
4076 11362 266 65 nutizia
4394 11358 58 62 si
4485 11376 249 65 sperse
4795 11353 238 65 subitu

5003 3690 213 74 (Elle
5227 3707 75 43 se
5342 3695 138 52 met
5504 3686 35 57 à
5568 3675 283 84 danser)
5866 3673 378 89 Schimmy.

5068 8786 218 79 vianu
5327 8779 89 63 da
5478 8783 201 78 passà

5493 471 127 98 LA

5693 450 467 143 QUESTION
6230 436 603 131 SEGONDAIRE
6900 432 177 108 DES
7156 429 305 130 COURS

5806 638 253 75 Scène
6097 639 232 91 pour
6377 648 167 51 une
6581 618 301 105 future
6931 641 270 50 revue.

5075 882 72 49 La
5173 878 166 52 scène
5374 890 59 36 se
5463 885 155 51 passe
5669 882 73 37 au
5787 862 261 55 chef-lieu
6099 861 69 49 de
6201 857 117 52 l'ile
6361 859 69 50 de

5006 946 368 58 Honoloulou,
5405 939 67 52 38
5504 939 172 51 Cours
5714 930 260 63 Petitval,
6016 943 71 37 au
6139 925 291 53 deuxième

5009 1013 173 64 étage,
5229 1010 333 51 récemment
5594 1002 128 52 loué
5749 1002 32 50 à
5803 1012 109 39 une
5948 998 147 51 école
6134 997 68 50 de
6234 994 196 65 jeunes

5009 1080 168 50 filles.
5204 1078 52 49 A
5288 1074 243 61 l'entrée,
5566 1067 378 55 anticùambre
5965 1065 70 52 où
6071 1065 243 50 donnent
6345 1062 84 50 les

5009 1149 181 62 portes
5235 1142 304 54 des-salles
5578 1140 69 50 de
5680 1137 194 50 classe.
5930 1132 101 52 Ces
6080 1135 181 64 portes
6306 1131 127 51 sont

5009 1215 260 50 ouvertes
5291 1213 58 50 et
5382 1212 67 49 de
5482 1210 245 50 chacune
5751 1203 158 53 vient
5929 1217 78 37 un
6040 1200 151 52 bruit
6214 1211 219 40 assour-

5013 1281 213 52 dissant
5287 1280 70 50 de
5407 1274 412 55 conversations
5885 1268 411 61 entrecroisées,
6352 1279 79 37 un

5011 1347 283 53 brouhaha
5323 1344 236 67 général.
5590 1342 90 51 Au
5702 1341 198 51 milieu
5924 1341 66 50 de
6009 1333 425 57 l’antichambre

5010 1431 58 38 se
5090 1416 143 50 tient
5265 1426 114 38 une
5412 1410 378 52 surveillante.
5827 1409 118 53 Elle
5966 1408 107 52 tire
6100 1406 71 51 de
6202 1417 100 39 son
6343 1413 93 40 sac

5011 1487 66 49 de
5109 1482 169 63 petits
5315 1493 290 40 morceaux
5642 1477 70 53 de
5748 1482 159 48 coton
5932 1476 197 64 qu’elle
6175 1472 156 52 roule
6365 1484 69 37 en

5013 1552 160 51 boule
5196 1552 161 50 entre
5382 1562 88 38 ses
5497 1549 180 64 doigts
5728 1550 58 49 et
5833 1543 316 55 s'introduit
6179 1543 136 48 dans
6351 1539 83 49 les

5012 1618 244 53 oreilles.
5285 1616 166 53 Entre
5471 1610 88 76 un
5558 1614 313 61 Monsieur.

5089 1724 90 60 Le
5211 1722 361 61 Monsieur.
5602 1752 78 9 —
5704 1720 309 69 Pardon,
6058 1711 377 67 Mademoi-

5011 1802 186 67 selle,
5230 1818 448 43 excusez-moi
5724 1800 90 70 de
5852 1815 173 40 vous
6070 1795 361 68 déranger.

5091 1897 104 79 La
5227 1894 462 63 Surveillante.
5730 1923 79 10 —
5845 1876 229 75 Hein!
6118 1888 172 59 Vous
6337 1881 102 58 di-

5018 1983 100 51 tes
5153 1973 37 59 ?

5017 2147 107 59 de.
5173 2142 239 77 (Haut)
5470 2147 174 57 C'est
5694 2141 161 59 bien
5895 2135 93 60 ici
6034 2129 231 62 l'école
6315 2127 125 58 des

5018 2242 369 41 nouveaux
5410 2240 193 41 cours
5626 2213 439 65 secondaires
6085 2208 36 59 ?

5096 2318 88 58 La
5207 2317 70 61 S.
5306 2353 81 9 —
5404 2315 183 60 Maïs
5612 2311 208 73 enfin,
5850 2302 365 65 Monsieur,
6237 2297 201 59 dites-

5020 2397 138 59 moi
5180 2416 76 38 ce
5292 2414 136 55 que
5478 2409 166 41 vous
5687 2386 288 61 désirez.
6020 2377 170 76 (Elle
6243 2374 197 60 retire

5021 2473 342 60 vivement
5387 2471 62 58 le
5477 2478 192 50 coton
5700 2465 84 59 de
5811 2480 107 41 ses
5948 2450 309 75 oreilles).

5099 2568 88 56 Le
5212 2565 93 59 M.
5337 2560 68 78 (à
5418 2557 258 81 part)
5616 2541 69 101 —
5698 2552 268 67 Sourde
5984 2568 88 44 ou
6089 2545 352 65 distraite;

5014 2646 340 70 peut-étre
5379 2640 99 58 les
5501 2638 200 59 deux.

5100 2738 88 59 La
5219 2735 97 71 S.,
5348 2733 114 75 qui
5499 2753 38 39 a
5580 2728 317 61 entendu.
5945 2750 74 12 —
6063 2717 162 63 Ah!
6264 2715 179 59 dites

5022 2816 197 67 donc,
5243 2813 77 74 je
5346 2831 87 40 ne
5456 2808 142 62 suis
5623 2807 78 57 ni
5722 2798 250 65 sourde
5997 2797 79 60 ni
6099 2794 227 61 idiofe.
6358 2791 84 57 Je

5023 2912 106 40 me
5147 2897 174 53 mets
5345 2885 429 76 simplement
5799 2878 95 61 du
5921 2881 195 67 coton
6137 2870 181 60 dans
6344 2866 99 60 les

5024 2968 265 61 oreilles
5309 2975 179 65 pour
5510 2981 85 41 ne
5618 2968 142 65 pas
5786 2955 64 59 le
5875 2950 298 62 devenir.

5103 3063 88 58 Le
5206 3060 104 68 M.
5340 3089 91 23 —.
5451 3057 68 60 ll
5556 3061 101 51 est
5685 3049 161 61 vrai
5880 3048 288 72 qu'avec
6197 3060 75 38 ce
6322 3055 118 41 va-

5026 3158 304 40 carme...
5360 3125 532 68 Mademoiselle,
5915 3123 78 72 je
6005 3120 147 59 suis
6176 3117 65 59 le
6273 3116 169 71 pére

5026 3217 205 59 d’une
5259 3213 206 60 élève.
5495 3207 145 61 J'ai
5662 3223 92 40 vu
5773 3203 182 57 dans
5973 3198 99 59 les
6090 3194 353 74 journaux

5026 3311 133 56 que
5211 3290 99 59 les
5343 3283 327 79 plalonds
5722 3277 383 76 inquièfent
6152 3270 100 58 les
6285 3276 159 63 pro-

5019 3366 388 79 priétaires,
5438 3369 69 52 et
5521 3360 72 74 je
5617 3359 196 60 viens
5838 3353 225 61 voir...

5105 3462 90 59 La
5224 3459 71 61 S.
5332 3493 81 11 —
5450 3455 137 66 AA,
5625 3450 160 62 oui!
5835 3449 133 58 Les
6011 3443 426 73 journaux...

5040 3539 169 62 Vous
5234 3533 327 61 tremblez
5588 3539 184 64 pour
5804 3524 99 61 les
5936 3512 392 84 plafonds?
6360 3510 86 59 Je

5029 3615 156 59 vais
5207 3620 175 51 vous
5392 3620 292 62 prouver
5710 3603 151 60 leur
5876 3597 289 69 solidité.
6205 3588 233 61 Tenez.

6274 3661 173 75 (Elle

5035 3758 231 90 danse).
6251 3797 16 5 -

5113 3860 90 59 Le
5239 3857 93 61 M.
5377 3891 77 12 —
5490 3854 106 59 De
5634 3852 232 73 grâce.
5911 3844 82 75 Si
6027 3841 99 60 les
6168 3840 283 71 poutres

5038 3935 390 62 cédaient...

5116 4029 90 60 La
5234 4026 97 72 S.,
5360 4024 251 74 change
5601 4017 112 89 de
5727 4017 157 89 pas,

5042 4116 63 50 et
5148 4121 328 44 annonce.
5537 4122 74 19 —
5679 4098 106 63 La
5863 4088 338 66 matelote.

5042 4173 234 94 danse).
6091 4239 8 6 n

5109 4272 212 62 LeM.
5342 4301 78 9 —
5436 4249 182 95 Mais
5635 4249 335 95 voyons...
6007 4258 177 60 C'est
6208 4253 251 74 impru-

5043 4346 182 89 dent.
5408 4381 103 19 nu
6090 4367 33 50 oc

5058 4508 6 4 _
5122 4445 206 71 LaS.,
5348 4443 369 73 changeant
5734 4437 84 59 de
5847 4454 141 58 pas.
6008 4461 76 10 —
6109 4430 104 73 La
6225 4428 232 75 gigue.

5042 4520 169 76 (Ellé
5229 4526 222 60 danse
5476 4520 64 59 la
5564 4512 246 81 gigue).
6064 4542 20 6 -

5104 4626 110 60 Le
5243 4621 90 62 M.
5361 4639 82 61 —
5465 4618 236 62 Assez,
5732 4605 537 72 Mademoiselle.
6295 4603 169 61 Son-

5043 4702 202 84 gez
5178 4697 63 93 à
5275 4701 195 59 notre
5476 4689 141 79 vie.
5963 4739 9 6 i

5124 4790 92 65 La
5237 4793 71 60 S.
5338 4818 81 45 —
5439 4788 155 63 Ah!
5630 4786 175 62 Vous
5825 4783 326 73 craignez
6170 4786 183 66 pour
6367 4774 101 61 les

5043 4868 385 80 plafonds!
5450 4870 93 66 Je
5562 4864 152 77 vais
5739 4880 172 43 vous
5947 4860 186 75 faire
6169 4856 170 74 voir.
6370 4852 98 59 Le

5051 4947 309 65 chahut!
5383 4943 169 77 (Elle
5576 4943 209 59 danse
5812 4958 91 39 un
5933 4936 247 59 chahut
6206 4936 262 55 écerve-

5052 5029 82 67 lé,
5174 5024 264 61 levant.
5469 5021 93 59 les
5619 5017 262 77 jambes
5926 5025 74 48 et
6042 5019 282 64 mettant
6371 5008 95 71 les

5053 5100 185 79 pieds
5266 5121 118 40 sur
5403 5100 62 59 le
5483 5118 121 40 nez
5630 5097 90 58 du
5743 5094 341 72 Monsieur
6103 5088 115 77 qui
6255 5106 87 40 ne
6372 5084 97 60 dit

5051 5181 146 77 plus
5227 5174 195 78 rien).
6062 5185 38 61 n
6396 5188 35 24 -

5127 5275 148 60 Une
5297 5272 176 69 voix,
5495 5271 41 59 à
5557 5270 236 71 l'étage
5819 5262 416 60 au-dessous.
6254 5289 76 9 —
6348 5256 122 59 Ha

5051 5353 97 58 da
5169 5350 283 76 finiscia
5475 5354 112 53 sta
5614 5343 340 71 cumedia,
5985 5341 64 57 si
6071 5360 40 37 o
6138 5333 143 66 nò?

5116 5446 102 60 Le
5246 5442 92 70 M.
5366 5477 80 11 —
5478 5439 235 80 Quélle
5735 5445 107 53 ést
5866 5440 171 56 cette
6059 5432 162 61 voix
6236 5430 36 59 ?

5128 5539 90 58 La
5263 5536 90 73 S.
5381 5573 76 12 —
5504 5535 175 76 C'est
5718 5531 146 60 l'île
5904 5529 127 75 qui
6068 5533 258 53 remue.
6351 5522 122 59 De

5053 5625 218 66 temps
5315 5634 90 40 en
5459 5620 213 65 temps
5709 5608 147 59 elle
5907 5627 47 38 a
5998 5604 125 75 des
6156 5602 312 78 frissons,

5054 5706 257 48 comme
5334 5711 88 54 ca
5447 5703 42 53 ;
5520 5689 176 59 mais
5724 5689 342 72 personne
6104 5683 113 69 n'y
6244 5675 236 76 prend

5918 4012 213 62 croise
6157 4008 97 60 les
6244 3979 203 97 bras,

6283 4077 172 78 (Elle

5047 5769 241 76 garde.
5329 5767 172 75 (Elle
5545 5760 347 76 annonce)
5919 5760 108 61 La
6054 5759 206 69 Java.
6303 5752 171 85 (Elle
6465 5748 68 101 |

5054 5848 205 60 danse
5281 5844 68 62 et
5375 5840 285 90 chante).

5402 6005 24 7 "
5465 6003 272 65 Qu'est-ce
5774 6001 100 65 qui
5907 5998 179 68 dégot'

5531 6071 100 51 Les
5656 6069 180 54 écoles

5465 6140 84 52 Du
5574 6138 430 66 département;..

5466 6206 399 62 L'Institution,
5941 6209 3 2 ©

5470 6311 9 5 -
5534 6276 102 51 Les
5654 6274 280 67 pensions.
6091 6324 15 7 _

5472 6342 69 52 Et
5555 6346 121 50 tout
5691 6341 431 55 l’tremblement
6145 6334 26 54 ?

5531 6410 80 55 Ce
5637 6416 128 48 sont
5789 6424 104 51 nos
5919 6407 172 67 Cours

5470 6482 125 51 Aux
5615 6482 162 51 cours
5798 6474 251 69 toujours
6071 6477 196 50 courts.

5537 6548 80 53 Où
5650 6550 82 52 les
5768 6547 387 64 enseignants,

5538 6618 137 64 Trop
5711 6616 333 60 surmenés,
6008 6612 38 74 :

5473 6683 133 55 Sont
5628 6690 128 49 tous
5783 6683 297 67 remplacés

5538 6754 104 53 Par
5661 6756 98 57 des
5781 6753 376 53 surveillants.

5475 6892 383 67 Récréation!!
5928 6919 53 16 -

5538 6965 147 66 Nous
5710 6964 221 52 sortons

5475 7032 138 70 Tout
5629 7034 57 51 Ie
5705 7034 124 64 long
5846 7030 64 51 d'
5923 7031 55 51 la
5999 7042 115 38 rue.

5543 7103 166 53 Matin
5733 7106 59 50 et
5812 7099 115 53 soir

5250 7204 33 6 ©
5541 7169 92 55 Su’
5653 7174 36 50 l’
5715 7166 224 58 trottoir
6207 7203 8 5 .

5478 7237 86 55 On
5583 7244 147 61 nous
5755 7249 165 59 passe
5944 7252 72 40 en
6034 7238 177 51 r'vue.

5543 7308 99 55 Les
5660 7304 195 58 beaux’
5864 7309 247 64 garçons,

5483 7373 133 57 Sans
5641 7391 140 53 peur
5805 7377 60 54 ni
5893 7372 204 66 façons,

5542 7446 237 55 Défilent
5798 7448 206 51 devant
6021 7455 160 41 nous.

5515 7514 72 53 ‘Y
5613 7517 262 52 en
5684 7509 65 77 a
5748 7517 127 52 des
5904 7513 246 61 blondes,

5479 7582 103 54 Des
5600 7589 218 49 minces
5836 7588 58 49 et
5913 7584 97 51 des
6030 7580 218 63 rondes,

5121 7694 42 13 _
5546 7652 66 53 Et
5630 7668 141 51 pour
5796 7657 130 49 tous
5945 7653 84 49 les
6051 7650 179 64 goûts.

5650 7751 96 33 _—
5782 7719 196 70 goûts!

5077 7965 65 63 in
5182 7985 209 65 paese
5432 7945 28 84 e
5497 7965 19 63 i
5549 7945 234 84 sullati
5820 7960 298 88 gridonu
6158 7957 330 65 all'arme.

5077 8066 71 66 Si
5190 8066 218 67 cridia
5483 8066 131 65 ch'i
5683 8063 272 88 parenti
6029 8060 67 64 di
6136 8057 354 66 Bernardu

5079 8171 324 74 avessinu
5450 8166 375 85 suppellitu
5861 8164 91 64 di
5988 8151 502 104 nottetempuu

5054 8252 387 110 sventuratu
5462 8252 341 110 figliòlu,
5855 8287 38 44 e
5932 8268 56 62 si
6025 8265 323 85 lamponu
6378 8284 116 62 su-

5078 8377 149 64 bitu
5257 8376 139 64 in'a
5435 8392 78 46 so
5553 8390 182 45 casa.
5770 8367 30 66 I
5840 8367 376 91 sfurtunati
6249 8373 244 79 paren-

5064 8478 64 63 ti
5156 8477 171 65 funu
5357 8474 233 87 subitu
5629 8459 363 77 incatinati
6020 8478 41 56 e
6092 8467 248 66 chiosi-
6363 8467 134 63 in'a

5081 8581 243 65 Torfa.
5385 8567 439 73 Cundannati
5873 8593 40 43 a
5959 8578 222 57 morte
6229 8563 270 91 prutes-

5082 8692 164 74 tonu
5277 8681 71 61 in
5403 8678 180 63 banu
5640 8673 108 65 d'a
5814 8694 79 44 so
5934 8673 450 77 innuncenza;
6427 8679 80 71 à~

5081 8887 134 72 ziu.

5148 8980 312 77 Chiosa,
5501 8979 133 63 in'a
5671 8990 80 52 so
5793 8997 235 46 camer
6059 8974 446 82 a,MariaJen-

5089 9084 116 78 tile
5242 9101 216 66 seppe
5485 9078 285 65 l'affare.
5806 9078 219 65 Senza
6079 9077 68 63 dì
6197 9096 134 45 una
6383 9078 145 84 pà-

5066 9183 192 75 ‘rolla
5323 9200 200 46 corse
5588 9179 83 65 da
5729 9202 44 41 u
5812 9186 239 60 comie
6121 9181 88 62 de

5084 9286 229 63 ch'erà
5361 9284 71 60 in
5496 9280 388 66 Oletta.
5789 9272 125 99 Si
5949 9276 251 89 lampò
6258 9280 133 62 a-i
6428 9299 80 43 so

5088 9385 157 92 pedi
5275 9405 39 43 e
5353 9382 302 65 cunfissò
5707 9405 43 41 u
5802 9402 81 56 so
5924 9380 242 64 delitu.

5101 9495 114 63 -«
5240 9482 265 101 Aghiu,
5572 9474 207 96 dissè,
5807 9482 167 77 datu
6038 9499 36 42 a
6154 9479 358 83 sepultura

5091 9606 41 43 a
5173 9604 56 44 u
5233 9585 168 62 miò
5450 9576 467 81 innamuratu,
5950 9579 250 64 meritu
6259 9600 38 43 a
6336 9571 204 72 mor-

5093 9684 578 88 te,eccummii,ma
5711 9680 317 84 cappiate
6053 9678 56 61 si
6155 9680 401 64 nucenti.».-:

5172 9785 65 63 U
5288 9781 234 65 comte
5544 9774 96 88 un
5676 9779 176 62 cridì
5892 9777 179 64 mica
6124 9770 255 68 subitu
6409 9797 36 40 a
6460 9781 61 67 e

5093 9884 271 86 parolle
5400 9871 71 73 di
5523 9899 41 43 a
5600 9879 429 83 giuvanotta,
6071 9874 48 63 li
6154 9875 194 81 paria
6387 9871 149 83 im-

5095 9983 339 88 pussibile
5472 9980 245 65 ch'una
5752 9977 230 65 donna
6048 9973 248 65 debule
6340 9973 177 63 fussi

5097 10099 266 71 capace
5385 10082 74 64 di
5487 10080 135 65 tale
5656 10080 449 71 eroismu,
5994 10069 106 105 ne
6143 10073 244 63 ch'ella.
6446 10075 78 61 a-

5095 10186 185 61 vessi
5316 10205 45 39 à
5391 10181 193 73 forza
5615 10178 68 62 di
5722 10178 88 60 fà.
5867 10179 108 60 ciò
6037 10174 267 63 ch'avia
6339 10173 182 63 fattu

5098 10285 242 78 Maria.
5365 10281 115 64 Ma
5512 10270 292 91 quandu
5832 10286 214 75 seppe
6038 10264 69 103 a
6162 10276 230 75 virità,
6446 10273 77 64 fù

5099 10380 581 90 prufundamente
5726 10395 333 45 cumossu
6130 10394 44 42 «
6208 10374 153 77 Vai,
6402 10394 119 45 no-

5100 10486 141 96 bile
5271 10484 430 83 giuvanotta,
5735 10476 213 76 disse,
6016 10474 111 63 vai
6204 10495 55 76 a
6306 10476 219 64 liberà

5102 10586 80 64 da
5207 10586 140 81 per
5380 10588 73 54 te
5482 10580 25 60 i
5540 10578 263 83 parenti
5843 10576 72 63 di
5952 10596 42 42 u
6034 10583 69 55 to
6138 10576 390 67 innamura-

5078 10692 120 67 tu,
5254 10703 38 42 e
5327 10697 236 68 possa,
5594 10686 47 53 u
5678 10678 304 83 signore,
6003 10678 450 84 ricumpensà
6483 10703 45 43 u

5104 10790 70 54 to
5213 10780 313 65 eroismu
5571 10800 40 37 »

5189 10879 323 64 Listessu
5547 10877 197 64 iornu
5799 10892 44 50 a
5884 10877 194 68 forca
6113 10880 77 64 fù
6219 10881 309 72 cacciaia

5109 10990 83 52 cù
5256 10978 229 76 l'altri
5523 10977 101 63 sei
5685 10980 323 64 cadaveri
6060 10983 87 84 ai,
6196 10967 184 107 quali
6451 10968 81 86 fù

5110 11077 160 66 data
5289 11098 139 44 una
5465 11079 379 84 sepultura
5870 11084 350 65 cristiana.

5485 11364 7 4 _
5540 11247 907 112 Gregorovius(Corsica)

5323 11358 370 68 Traduttu
5715 11365 94 65 da
5823 11367 527 74 Mattei-Torre

5093 2068 91 60 Le
5213 2067 88 60 M.
5334 2064 67 77 (à
5438 2064 169 79 part)
5631 2101 79 9 —
5733 2063 153 61 Elle
5912 2061 151 57 doit
6088 2051 365 64 8tre-sour-

6292 9180 243 61 Vaux.

6442 767 53 10 U

6911 784 27 7 _

6589 856 88 59 La
6705 854 93 70 S.,
6830 855 263 60 s'arréte
7113 856 373 66 essoufflée,
7519 900 75 15 —
7617 873 111 64 D,,,

6508 952 175 39 nous
6711 952 85 55 ne
6831 952 289 39 sommes
7170 953 134 54 que
7346 944 442 66 sous-locatai

6515 1009 169 58 Tout
6707 1007 145 59 cela
6879 1010 292 70 regarde
7209 1031 75 39 ce
7321 1004 292 72 débroui
7713 979 153 59 Po

6508 1083 255 72 DNS
7538 1024 256 69 uillard
7828 1055 39 56 d

6591 1177 89 58 Le
6707 1176 86 59 M.
6824 1207 73 10 —
6923 1179 329 74 Philippe
7275 1183 338 67 Daudet?

6590 1268 86 59 La
6704 1269 67 61 S.
6800 1300 75 9 —
6910 1272 151 60 Non,
7132 1276 177 59 celui
7331 1280 128 72 qui
7485 1302 92 40 no

6663 1351 23 17 -
6762 1348 15 12 e
6932 1342 6 2 ;
7066 1318 19 24 ,
7580 1306 79 42 us
7805 1308 13 13 ,

6513 1345 209 61 tallés
6747 1367 115 71 ici.
6882 1350 270 59 Comme
7202 1355 126 69 qui
7373 1356 222 62 dirait
7641 1368 63 58 le
7753 1327 57 111 co

6493 1421 432 144 manditaire
6961 1427 127 134 LE
7172 1429 583 75 l'établissement.
7827 1406 45 45 E

6563 1521 134 50 ien,
6710 1502 208 88 qu'en
7012 1504 324 61 dites-vous
7361 1507 36 59 ?
7437 1511 132 60 Les
7870 1516 3 10 |

6511 1578 270 59 sont-ils
6801 1578 250 61 solides
7076 1577 38 61 ?
7568 1517 303 151 piafona

6595 1671 90 59 Le
6711 1672 86 57 M.
6819 1707 74 11 —-
6899 1667 173 86 7rès
7092 1667 295 86 solides,
7392 1681 352 60 Mademoi

7610 1706 66 40 mn

6516 1739 176 108 Mais
6727 1768 83 38 ne
6828 1757 454 64 pensez-vous
7307 1719 143 113 pas
7484 1702 256 138 qu'une
7744 1706 127 129 ùn

6515 1843 221 41 xième
6762 1824 537 66 démonstration
7326 1830 81 62 ?..
7820 1804 57 41 ci

6588 1917 97 60 La
6714 1917 67 62 S.
6812 1950 73 9 —
6910 1919 173 62 Non.
7142 1925 350 64 D'autant
7516 1932 165 71 plus
7724 1951 150 62 qu'y

6509 1996 392 74 Professeur
6914 2002 327 67 pourrait
7263 2006 198 57 venir
7475 2016 145 61 par
7631 2004 249 88 hasarg

6598 2086 87 57 Le
6714 2086 84 57 M.
6829 2116 73 9 —
6926 2088 188 58 Mais
7139 2109 97 39 au
7255 2092 178 69 fait,
7463 2099 89 53 où
7579 2117 75 39 so

6517 2158 103 60 les
6635 2160 426 73 professeurs
7084 2162 39 56 ?
7656 2113 79 48 ni
7759 2114 122 91 don

6602 2252 88 92 La
6725 2253 98 77 S.
6956 2332 13 14 —
7055 2256 110 60 Où
7231 2261 446 65 voulez-vaus

6521 2339 223 51 soient
6759 2331 36 60 ?
6817 2332 184 60 Mais
7026 2353 98 40 au
7152 2335 251 73 collège
7420 2337 34 57 !

6601 2409 92 74 Le
6720 2425 86 59 M.
6838 2455 72 10 —
6935 2427 91 58 Et
7050 2428 251 73 quand
7321 2429 443 74 viennent-ils
7789 2453 96 62 ici

6604 2518 89 60 La
6720 2517 64 91 S.
6828 2550 71 9 —
6952 2520 163 72 Ici!
7154 2517 396 91 (Chantant)
7603 2529 284 81 Peut.ar;

6521 2596 301 69 demain,
6842 2601 338 82 peut-étre
7195 2598 345 71 jamais,..
7563 2601 120 74 (Pa
7691 2614 118 77 ré)
7831 2627 56 57 E

6522 2679 150 52 tout
6694 2691 137 44 cas,
6862 2679 308 65 toujours
7194 2692 351 45 versonze
7575 2675 313 77 heures.”

6602 2766 89 59 Le
6718 2764 87 60 M.
6834 2801 83 13 —
6942 2766 92 59 Et
7074 2768 50 57 à
7215 2766 173 61 quelle
7434 2770 137 62 heu

6521 2862 125 38 vos
6685 2842 216 59 élèves
6917 2840 34 60 ?
7164 2785 50 56 7
7413 2836 12 7 Ì
7573 2794 67 39 di
7688 2794 198 115 sorten

6565 2934 127 66 La
6721 2933 68 61 S.
6809 2969 76 11 —
6907 2936 57 59 A
6998 2935 127 60 dix
7152 2935 244 63 heures
7420 2949 73 51 et
7517 2945 239 69 demie.

6536 3105 14 12 |
6601 3028 91 58 Le
6720 3027 81 90 M.
6837 3057 73 9 —
6935 3029 108 59 De
7081 3038 185 52 sorte
7313 3033 206 77 gu'ils
7575 3060 85 42 ne
7718 3058 115 55 voi

6512 3124 265 54 jamais
6830 3103 99 60 les
6993 3104 227 61 élèves
7274 3113 183 67 pour
7512 3115 184 71 faire
7771 3080 123 111 le,

6519 3175 211 83 cours.
7368 3202 8 4 |
7832 3156 62 44 I

6600 3275 90 58 La
6719 3273 80 98 S.
6815 3304 74 59 —
6911 3274 96 60 Ils
7043 3295 76 39 se
7162 3292 435 59 rencontrent
7636 3271 176 91 dans
7850 3310 32 56 le

6521 3346 122 101 rue.
6710 3350 377 62 D'ailleurs
7128 3358 409 75 gu’importe
7560 3368 39 59 ?
7639 3373 179 67 L'ess
7874 3335 23 36 ;

6498 3428 149 61 tel,
6696 3437 414 82 voyez-vous,
7139 3434 161 60 c'est
7309 3437 91 60 de
7410 3450 301 63 pouvoir
7744 3400 154 136 affir

6522 3525 147 39 mer
6691 3518 94 44 au
6803 3513 300 83 ministre
7115 3526 139 64 que
7271 3510 230 77 l'école
7511 3480 377 127 fonctionne

6601 3600 56 57 A
6709 3617 74 40 ce
6823 3612 295 48 moment
7170 3608 87 56 on
7299 3616 245 58 entend
7609 3620 114 62 des
7781 3609 120 99 voi:

6498 3677 194 89 dans
6721 3699 173 52 une
6958 3682 237 78 classé
7235 3685 257 66 voisine
7532 3715 16 37 :
7610 3687 292 82 Poussez

6526 3755 305 61 Poussez
6847 3758 32 59 !
6900 3760 130 58 Aïe
7059 3761 33 59 !
7132 3762 155 73 Elle
7322 3774 105 51 est
7467 3776 160 69 trop
7665 3749 238 110 grosse

6528 3831 153 61 Elle
6697 3853 98 70 ne
6811 3845 290 64 passera
7120 3848 165 64 pas.
7337 3844 374 71 Laisse-toi
7743 3856 161 72 faire

6529 3910 314 61 Amélie!
6883 3914 99 76 Ne
7031 3917 287 71 résistez
7361 3930 163 63 bas,
7579 3928 326 71 Mademo:

6529 3986 189 75 selle,
6746 3988 458 68 laissez-vous
7230 3998 196 61 aller.
7472 4038 82 12 —
7591 4007 183 60 Aïe!
7809 4016 79 59 M,

6534 4067 215 60 man!
6772 4069 175 61 Aie!
6979 4069 246 79 On-me
7243 4076 356 72 faitmal!...
7743 4055 14 13 ©
7880 4039 26 38 ‘

6606 4150 99 70 Le
6731 4162 87 60 M.
6862 4199 76 22 —
6967 4158 192 77 Mais
7188 4170 159 64 c’est
7375 4172 73 69 la
7502 4176 169 76 voix
7715 4175 102 69 de
7825 4206 70 40 m

7737 2287 146 65 Qui,

6531 4237 191 73 fille!
6754 4237 142 83 Que
6919 4253 72 48 sé
7001 4231 370 86 passe-t-il
7381 4248 44 58 ?

6618 4335 88 59 La
6734 4335 175 62 S.-—
6940 4338 181 62 C'est
7144 4341 65 59 le
7235 4341 265 64 chinois
7525 4329 91 77 de
7641 4350 118 61 l'établi

6585 4406 9 5 |
6825 4403 5 5 —
6940 4416 13 11 €
7756 4357 155 63 abli.

6539 4422 262 51 sement
6830 4433 117 56 qui
6985 4416 229 62 donne
7275 4420 45 57 à
7362 4441 132 40 ces.
7539 4424 358 61 demoiselli

6540 4501 136 49 une
6699 4493 205 76 petite
6920 4497 318 59 séance...
7630 4431 281 155 motselle

6557 4586 156 83 _Le
6736 4581 83 148 Ma.
6879 4588 104 137 les
7012 4591 223 64 mains
7279 4593 166 63 dans
7484 4596 317 79 cheveux,
7857 4610 57 60 le

6541 4683 175 55 yeux
6790 4685 249 43 hagards.
7086 4699 80 9 —
7341 4674 146 48 "est-

6543 4742 179 60 dites
6739 4742 43 58 ?
6798 4686 122 117 15!
7194 4665 122 162 Qu
7358 4680 106 101 5
7489 4695 76 48 e
7616 4698 149 89 que
7782 4704 133 85 LOU

6625 4855 101 96 La
6742 4842 78 105 S.
6848 4885 74 23 —
6958 4856 155 92 Oui.
7144 4845 220 103 Notre
7399 4865 395 72 inspecteur
7807 4873 54 61 d
7862 4831 47 106 "a

6546 4934 304 60 cadémie
6872 4953 47 40 a
6944 4939 316 71 imaginé
7302 4960 91 40 un
7430 4947 288 69 système
7742 4951 85 70 de
7851 4953 67 59 la

6487 5040 8 6 |
6545 5012 292 59 minor.
6871 5010 175 62 C'est
7090 5015 68 60 le
7212 5020 286 71 système
7552 5021 90 61 B.
7695 5024 104 61 Ià
7846 5029 73 61 Oì

6515 5097 236 90 passe
6786 5088 104 93 les
6911 5089 217 92 éléves
7153 5113 98 48 au
7280 5095 341 64 laminoir
7642 5108 200 64 pour:
7857 5107 63 60 le

6540 5166 186 97 faire
6762 5166 333 92 diminuer
7135 5171 90 59 de
7268 5170 299 71 volume.
7594 5177 104 61 On
7746 5168 50 72 a
7849 5185 72 60 di

6548 5242 283 92 qu'elles
6836 5253 320 85 pesaient
7168 5259 88 49 en
7284 5246 316 96 moyenne
7617 5246 303 96 cinquari

6552 5326 70 78 te
6644 5320 320 95 kilos,
6874 5316 112 103 ce
7004 5341 123 73 qui
7182 5335 182 63 pour
7398 5333 191 70 trois
7606 5343 185 51 cents
7830 5337 93 60 élè

6548 5417 121 40 ves
6680 5397 297 88 feraient
6999 5414 258 61 guinze
7271 5405 183 60 mille
7483 5407 199 65 kilos.
7729 5400 195 76 Alors

6524 5493 203 79 vous
6760 5484 415 86 comprenez,
7218 5486 207 69 aprés
7443 5486 193 76 deux
7671 5493 175 64 mois.
7861 5468 18 108 d

6548 5558 285 85 système
6861 5554 84 58 B.
6978 5555 297 89 D.'elles
7315 5561 445 75 ne.pèseront
7795 5566 131 75 plu

6529 5648 157 56 que
6703 5637 385 70 vingt-cing
7118 5634 224 84 kilogs
7360 5640 331 63 chacune.

6630 5748 91 60 Le
6758 5748 88 62 M.,
6902 5736 502 93 respirant.
7315 5732 89 106 —
7439 5761 178 62 AA!
7657 5766 51 57 Je
7832 5740 96 43 com

6706 5827 4 5 >
6746 5747 124 106 M.,
7007 5822 184 27 -respirant.
7469 5809 128 14 dh!
7701 5786 40 37 Je
7783 5786 146 41 com

6541 5822 282 158 pese
6833 5828 34 59 !
6908 5829 153 62 Très
7109 5829 142 159 “Ye
7349 5840 138 58 frés
7538 5841 392 73 ingénieux

6632 5923 37 39 a
6697 5923 174 42 main
6899 5915 82 50 ai
7007 5918 190 51 cœur)
7272 5913 258 63 C’est
7568 5905 104 74 égal,
7725 5908 136 42 j'ai
7927 5919 3 3 ei

6551 6000 136 41 une
6710 5982 173 80 belle
6899 5987 297 77 peur...
7358 6049 13 9 ©”.
7618 5940 115 81 I
7758 5940 69 102 È
7861 5942 37 97 li

6631 6076 95 74 La
6750 6074 67 62 S.
6845 6114 76 9 —
6955 6073 337 80 Dureste,
7321 6085 71 61 la
7419 6088 226 62 classe
7679 6071 48 81 a
7768 6102 165 66 asse:

6487 6153 264 60 |duré.
6776 6152 114 61 En
6931 6167 223 72 avant
7185 6165 182 68 pour
7416 6165 89 59 la
7546 6172 388 59 récréation:

6550 6223 172 96 (Elle
6738 6223 197 96 agite
6981 6241 135 53 une
7169 6246 326 68 sonnette.
7559 6244 125 61 Les
7743 6248 192 64 élève:

6493 6343 14 12 j
6554 6312 255 60 sortent
6827 6316 116 66 par
6967 6321 225 52 toutes
7212 6316 100 60 les
7339 6318 237 62 issues.
7597 6322 92 60 La
7705 6322 227 77 plupar

6553 6403 76 43 se
6655 6387 389 76 précipitent
7072 6394 232 59 versla
7330 6398 219 70 méme
7581 6410 217 64 porte,
7851 6413 86 63 qu

6555 6481 211 42 ouvre
6798 6484 113 42 sur
6937 6488 85 49 un
7050 6468 173 73 local
7265 6470 388 72 très.étroit.
7702 6478 109 62 On
7846 6498 92 39 en

6556 6540 159 61 tend
6733 6563 16 37 :
6770 6573 78 59 —
6863 6543 406 92 Laisse-moi
7274 6558 269 66 passer.
7581 6555 93 59 Tu
7681 6533 249 106 m'écra

6552 6637 133 74 ses.
6713 6620 83 59 Je
6802 6622 160 89 n'ai
6991 6632 153 63 pas.
7161 6627 159 71 fini.
7341 6630 199 70 Ah!
7580 6633 149 59 J'ai
7748 6632 131 62 mis
7903 6631 37 61 ll

6547 6697 181 74 pied
6737 6698 356 100 dedans!
7131 6708 81 42 —
7261 6706 181 61 C'est
7460 6704 113 64 de
7608 6699 76 74 la
7728 6702 213 69 veine.

6557 6804 78 10 —
6676 6775 150 91 J'ai
6868 6777 74 58 la
6991 6778 300 63 chemise
7339 6787 317 61 niouillée
7687 6786 38 44 !
7798 6776 144 70 C'es

6559 6852 395 82 Antoinette
6977 6859 127 70 qui
7111 6859 151 76 m'a
7282 6867 294 66 poussée
7599 6865 103 65 !…

6639 6962 92 94 Le
6757 6964 84 91 M.
6871 7001 76 13 —
6989 6969 183 82 C'est
7194 6972 95 60 ici
7305 6974 79 63 la
7418 6967 322 79 fontaine
7761 6975 38 59 ?
7847 6965 98 75 Ce:

6561 7040 421 64 demoiselles
7006 7055 178 52 vont
7195 7050 202 61 boire
7407 7052 38 59 ?
7493 7047 437 64 <>

6643 7134 96 93 La
6762 7136 62 90 S.
6852 7167 64 58 —
6935 7139 198 92 Mais
7157 7163 165 40 non.
7344 7146 191 75 C’est
7540 7158 183 65 pour
7728 7168 49 55 y
7791 7145 156 75 fair

6566 7211 66 59 le
6662 7211 374 108 contraire.
7073 7220 211 61 Alors
7333 7234 169 51 vous
7545 7225 403 75 comprenéz

6572 7307 253 43 comme
6850 7291 57 60 il
6924 7313 110 56 n'y
7059 7316 47 40 a
7135 7300 215 73 qu'un
7376 7301 206 62 local
7591 7310 183 68 pour
7788 7300 161 69 troi:

6568 7374 189 53 cents
6795 7369 285 78 élèves...

6624 7460 117 61 Le
6767 7461 87 61 M.
6880 7499 77 12 —
6974 7467 173 90 Qui.
7178 7471 181 62 C'est
7373 7472 72 61 le
7460 7474 318 77 principe
7793 7473 85 61 de
7888 7461 63 80 le

6571 7548 521 80 concentrafion.
7123 7542 82 78 (Il
7234 7567 75 41 se
7336 7551 350 64 bouche-le
7723 7547 186 77 nez).

6653 7650 89 60 La
6769 7651 69 91 S.
6866 7689 73 55 —
6982 7657 81 83 Si
7102 7670 172 70 vous
7308 7666 243 72 voulez
7574 7661 380 72 descendre,

6571 7728 360 93 Monsieur,
6955 7754 167 42 vous
7146 7741 368 66 assisterez
7540 7733 415 86 aujourd'hui

6552 7824 69 50 à
6652 7825 93 80 un
6773 7811 225 60 match
7024 7822 193 62 entre
7244 7828 144 49 nos
7429 7813 227 69 élèves-et
7669 7813 287 67 celle:

6557 7882 105 81 de
6688 7883 227 92 l'école
6937 7889 155 80 d'en
7111 7891 187 74 face.
7346 7896 280 63 Chacun
7655 7898 121 59 des
7802 7879 155 80 deux

6551 7961 598 86 établissements
7165 7971 274 74 dispose
7472 7976 171 60 d'un
7668 7961 290 75 troïftoir

6572 8036 107 61 La
6657 8032 152 107 rue
6833 8050 154 82 sert
7007 8045 86 59 de
7114 8047 373 72 frontière:
7513 8048 397 84 Quand'ily
7927 8051 32 63 à

6538 8121 190 98 _frop
6748 8118 426 83 d'incidents,
7205 8123 91 61 on
7315 8120 240 69 décide
7573 8121 135 68 une
7715 8123 245 64 rencort

6526 8238 2 2 |
6577 8198 119 62 fre.
6718 8191 145 78 Les
6882 8195 222 86 élèves
7120 8210 77 49 sè
7224 8202 249 74 livrent
7487 8207 49 58 à
7563 8208 128 67 des
7714 8196 247 70 assauti

6558 8268 107 88 de
6681 8269 190 88 boxe.
6893 8272 128 82 Les
7030 8293 303 60 garçons
7343 8280 93 70 de
7444 8283 241 70 l'école
7701 8302 82 41 en
7801 8279 161 75 facé.

6576 8362 121 71 qui
6725 8354 105 75 est
6850 8367 130 51 une
7003 8352 180 59 école
7208 8358 238 70 mixte,
7469 8365 295 56 servent
7781 8357 182 59 d'ar

6576 8421 246 90 bifres:
6871 8425 207 87 Celles
7128 8430 91 80 de
7269 8442 126 51 nos
7431 8436 248 62 élèves.
7723 8434 158 76 qui.
7902 8424 62 64 ñ4

6577 8498 350 92 mafchent
6941 8514 157 62 pas,
7126 8509 147 58 s'en
7285 8512 198 61 iront
7507 8523 161 51 vers
7684 8514 71 58 Ia
7761 8500 204 84 grotti

6578 8592 261 54 voisine
6827 8574 99 98 et
6934 8574 120 98 les
7064 8583 318 64 buissons
7405 8592 129 69 qui
7561 8582 401 69 l'eritôurent

6588 8650 125 60 Ces
6742 8654 320 74 buissons
7086 8668 126 52 ont
7224 8662 414 81 l'avantage
7664 8666 87 72 de
7768 8657 199 82 facili

5708 8795 139 65 per
5882 8774 297 63 l'ultimu
6241 8766 261 91 suppli-
6526 8749 6 90 ]
6581 8733 107 52 27
6705 8728 37 77 !
6760 8732 178 72 *<o!e
6961 8735 488 76 Buissonnière.

6663 8820 89 60 Le
6783 8823 121 90 M..
6935 8857 75 9 —
7039 8829 212 61 "Tout
7268 8822 176 73 cela
7496 8821 127 84 est
7655 8815 133 81 très
7836 8811 133 79 bier

6582 8901 314 82 compris.
7552 8905 144 57 i
7725 8927 170 35 rri

7014 9070 69 44 +.
7130 9002 346 113 Scéne
7495 9063 71 35 ll":

6563 9189 64 32 _:
6668 9157 180 74 Dans
6886 9163 73 59 la
6982 9153 175 91 rue.:
7167 9169 142 66 Les-
7324 9153 223 91 élèves
7570 9164 403 73 matcheusé:

6590 9251 73 40 se
6689 9251 276 78 rangent
6990 9261 127 65 sur
7128 9244 65 72 le
7222 9246 166 74 bord
7413 9249 90 58 du
7534 9250 290 59 trottoir.
7874 9244 100 60 Su

6587 9308 68 59 le
6682 9303 171 112 bord
6871 9320 247 70 ôpposé
7143 9320 462 78 sont'fangées
7631 9325 102 56 les
7783 9315 192 65 élève

6590 9383 85 88 de
6700 9386 227 82 l’autre
6940 9393 194 60 école
7152 9395 150 71 qui,
7323 9396 152 66 elle,
7502 9397 279 69 dispose
7797 9398 179 55 d’un

6593 9477 165 70 cour
6781 9467 387 66 inférieure;
7189 9467 178 58 maïs
7390 9468 211 72 opère
7646 9463 90 71 ce
7755 9462 222 74 jour-l:

6570 9553 160 68 une
6759 9543 254 82 :sortie.
7052 9544 110 55 Au
7180 9540 381 71 -milieu.
7478 9533 96 96 le
7599 9539 379 72 prôfesseur

6580 9607 352 91 Monsieur
6957 9615 342 81 Nuageux,
7333 9613 143 71 lève
7494 9632 76 52 sa
7598 9604 232 75 canne.

6645 9701 369 63 Monsieur
7059 9703 349 72 Nuageux.
7433 9700 118 45 —
7600 9704 112 67 En
7760 9704 220 70 avant

6586 9773 328 77 marchel
7309 9800 135 20 ne
7517 9777 145 48 St

7586 9072 66 11 ss
7704 9064 102 20 nm
7821 9062 47 16 er

6593 9914 68 37 _
6676 9869 124 78 Les
6830 9869 212 80 élèves
7069 9888 72 57 se
7165 9865 240 96 jettent
7415 9877 115 63 les
7571 9903 168 41 unes
7777 9886 206 60 contri

6595 9942 100 66 les
6722 9952 241 51 autres.
7011 9946 87 89 Le
7112 9942 241 97 match
7384 9941 372 92 comménce
7796 9989 20 46 ;
7851 9944 133 78 Cré

6596 10037 172 53 page
6815 10020 81 74 de
6902 10020 390 91 chignons.
7337 10029 305 74 Pendant
7679 10028 109 72 ce:
7790 10016 195 104 tempi

6598 10092 199 61 celles
6825 10114 111 54 qui
6952 10118 95 71 ne
7070 10119 333 56 prennent
7445 10132 121 53 pas
7599 10103 150 86 part
7786 10120 33 55 à
7841 10101 145 73 l'as

6571 10162 178 142 saut
6777 10187 85 43 se.
6899 10173 281 94 dirigent
7226 10169 151 102 vers
7401 10188 113 63 les
7557 10192 312 63 buissons
7892 10186 95 60 di

6651 10256 114 59 aut
6784 10246 88 75 du
6901 10249 205 73 Cours
7136 10257 300 79 Petitval,
7469 10287 85 42 en
7559 10270 371 62 chantant:

6601 10369 141 67 Non,
6764 10374 55 65 je
6837 10391 71 39 ne
6917 10362 223 77 matche
7202 10401 61 40 pas,
7310 10390 79 54 Non
7421 10358 34 98 i
7928 10377 61 56 esi

6704 10441 46 51 J'
6771 10448 122 50 suis
6912 10448 48 52 la
6977 10395 152 138 p'tite
7140 10395 167 138 Nana
7341 10394 471 154 d'Amérigne..
7843 10403 147 81 pe:

6687 10567 89 60 Le
6804 10569 112 89 M.,
6945 10589 279 78 prenant
7242 10589 209 69 congé
7470 10588 83 61 de
7574 10590 64 58 la
7665 10583 74 68 S.
7789 10582 59 47 —
7862 10578 130 65 M4

6607 10640 398 107 demoiselle,
7022 10658 234 83 jesuis
7280 10662 350 67 enchanté
7643 10667 91 60 de
7760 10666 160 58 tout
7938 10653 55 57 ci

6608 10740 213 73 queje
6846 10746 186 73 viens
7054 10732 98 60 de
7161 10738 177 58 voir.
7360 10740 150 73 Non
7535 10741 379 63 seulement
7943 10726 51 75 jt

6590 10794 342 112 daisserai
6940 10827 104 40 ma
7066 10810 174 73 fille:
7252 10810 181 67 dans
7455 10828 194 52 votre
7672 10806 323 75 établisse

6608 10886 205 88 ment,
6862 10902 85 39 où
6999 10886 125 60 elle
7166 10908 91 40 ne
7289 10900 176 65 pent
7489 10906 145 63 pas
7684 10883 312 81 manque!

6608 10953 455 104 d'apprendre
7121 10971 152 55 tout
7330 10989 76 41 ce
7464 10974 253 72 qu'elle
7765 10961 232 82 ignoré.

6587 11051 204 72 mais
6804 11055 103 68 j-y
6934 11044 315 75 enverrai
7258 11052 252 67 toutes
7536 11039 208 74 celles
7764 11048 88 60 de
7879 11040 119 70 mé

6599 11116 312 71 parents,
6965 11119 175 60 amis
7179 11126 84 53 ef
7310 11120 531 70 connaissances
7869 11165 8 4 -
7899 11112 100 75 JM"

6611 11184 332 96 voudront
6957 11184 168 96 bien
7147 11195 275 65 écoufér
7442 11214 148 50 mes
7608 11193 315 73 conseils-

7281 11379 205 96 Franc
7538 11325 399 142 BARTOLI.
