8794 12309
484 1800 174 62 _des
695 1798 429 64 habitatants
1148 1793 86 61 de
1274 1788 179 63 l'isle
1492 1786 95 60 de
1600 1784 161 60 tout
1777 1790 158 65 rang

475 5411 33 36 hè

528 6334 270 3 buer.à
812 6326 288 108 donner
1132 6340 102 82 au
1263 6331 584 99 gouvernement
1878 6358 88 46 un

504 6444 351 88 _air..plus
896 6444 464 85 respectable.

507 1509 139 49 sur
689 1491 111 59 cet
823 1484 295 75 homme
1192 1480 279 66 célèbre
1508 1478 288 62 avaient
1833 1469 108 65 été

501 1599 165 62 ‘fort
702 1588 319 67 éxaltées
1077 1607 131 62 par
1259 1588 104 78 les
1403 1580 540 66 conversations

495 7852 38 37 co
574 7872 249 86 danger
888 7873 368 68 continuel
1333 7883 94 56 où
1501 7881 187 62 ilest
1756 7868 216 77 d'être

7878 832 85 57 ha

1539 695 28 30 o
1641 695 30 30 mi
1894 690 38 27 n
2393 686 38 135 1
2503 685 88 137 p
2791 695 28 29 °
3468 669 22 147 |
4656 711 30 29 è
5025 685 78 48 Du
5134 686 127 51 fond
5292 689 66 49 de
5389 702 125 35 mon
5538 689 252 50 tombeau
5836 686 323 64 j'entendrai
6203 686 238 50 d'aulres
6610 667 299 61 Lettara
6988 660 262 63 scritta
7319 675 46 43 a
7421 647 462 69 Franceschi

1116 684 238 184 Une
1386 686 402 180 Visite
1878 735 63 89 a
2009 683 381 180 Pasca
2600 687 225 174 aoli
3793 690 457 168 Pascal
4324 693 316 173 Paoli
6208 766 235 91 plaintes
7003 772 302 63 Casinca,
7337 783 39 55 4
7404 764 255 59 ottobre
7692 758 176 73 1768,

1546 906 9 7 _
5026 852 133 48 Tant
5181 867 106 49 que
5310 855 360 61 persisteront
5703 857 82 48 les
5832 846 248 71 pénibles
6110 845 335 57 contraintes
6606 853 51 56 Il
6732 861 220 47 vostro
7034 847 140 57 zelo
7267 843 80 57 ed
7420 847 392 51 onoratezza
7873 908 17 12 1

1827 940 107 30 —
1957 941 35 27 +
4473 920 59 78 TT
5027 935 72 49 De
5122 937 260 60 scrupule
5412 939 55 47 et
5494 938 655 63 d'envie,imperceptible
6178 936 173 50 écucil
6529 927 264 58 riscossi
6822 925 89 73 gli
6942 919 299 76 applausi
7274 919 65 57 di
7370 927 165 48 tutta.
7605 915 57 55 la
7723 912 243 86 Nazio-

954 1072 11 11 .
1396 1066 12 18 a
2324 1062 156 10 u
3053 1069 13 9 .
5028 1016 98 61 Qui
5166 1020 67 49 de
5286 1020 192 48 lourds
5506 1020 299 51 bôtimenis
5851 1025 82 46 est
5961 1023 236 48 souvent
6235 1020 53 49 le
6334 1032 115 36 cer-
6464 986 64 96 |
6529 1024 108 43 ne,
6668 1003 171 57 dalla
6882 999 196 72 quale
7107 1006 212 48 sarete
7358 990 601 87 contraddistinto
7896 986 64 96 :

604 1093 76 81 Je
769 1090 290 70 parvins
1155 1069 193 63 enfin
1387 1088 38 42 à
1488 1071 65 59 la
1626 1084 141 43 vue
1837 1065 84 61 de
2098 1059 86 77 Je
2247 1063 237 59 laissai
2525 1080 172 45 mon
2761 1066 452 79 domestique
3267 1087 177 43 avec
3438 1055 64 96 |
3526 1075 104 52 Les
3654 1079 126 50 flots
3799 1085 95 47 ont
3916 1085 67 48 de
4003 1099 252 36 nouveau
4279 1084 145 49 vomi
4446 1087 93 49 des
4561 1084 363 81 mercenaires,
6275 1102 169 60 cueil;
6462 1071 51 100 [
6531 1080 81 56 ed
6643 1080 62 87 io
6737 1079 59 57 vi
6827 1076 142 57 fard
7000 1090 357 41 conoscere
7379 1077 249 63 quanto
7672 1085 63 35 vi
7789 1079 174 40 Sono

529 1193 343 70 Sollacaro
974 1192 91 44 ou
1157 1169 175 64 était
1421 1168 194 63 Paoli
1712 1174 69 55 et
1864 1166 71 80 je|
2018 1180 157 44 mes
2223 1160 274 79 guides,
2543 1168 72 55 et
2659 1173 289 69 passant
2987 1170 104 58 les
3164 1170 275 76 gardes,
3448 1156 56 111 |
3529 1156 256 111 frainant
3804 1179 209 37 comme
4045 1183 74 33 un
4140 1168 556 60 boulet.peste,honte
4719 1179 54 46 et
4793 1178 158 49 misè-
4955 1156 57 111 |
5028 1184 126 49 Etsi
5176 1185 54 48 la
5254 1186 168 50 Force
5448 1190 82 47 est
5577 1187 152 49 Droil
5760 1201 140 50 pour
5943 1202 141 36 ceux
6114 1189 92 61 qui
6263 1190 87 46 ont
6400 1187 50 47 la
6531 1139 579 152 particolarmente
7135 1139 266 152 temuto,
7402 1143 126 130 nè
7718 1155 43 116 a
7777 1151 170 124 OStTO

1171 1272 440 83 approchant
1685 1270 249 79 rempli
1939 1256 52 103 |
2014 1267 73 79 je
2126 1261 322 64 trouvais
2508 1264 345 76 quelques
2917 1284 145 41 uns
3103 1269 123 58 des
3266 1286 180 61 gens
4865 1253 86 94 res
6287 1270 159 61 force,
6470 1240 50 98 |
6558 1250 112 38 TE
6737 1244 306 57 PIOPOSIZ
7398 1264 42 26 5

524 1310 112 49 me
704 1278 221 67 sentis
987 1295 84 44 en

526 1397 86 60 de
646 1383 279 66 trouble
949 1386 71 57 et
1052 1380 85 62 de
1168 1374 334 67 timidité.
1550 1373 158 64 Mes
1744 1368 194 66 idées

537 1714 147 66 que.
733 1694 249 81 j'avais
1022 1708 165 46 eues
1228 1687 123 64 sur
1380 1703 130 45 son
1550 1683 186 79 sujet
1774 1691 170 47 avec

535 1910 83 57 et
635 1903 85 60 de
763 1904 169 57 tout
980 1896 141 60 ètat
1192 1890 122 78 qui
1372 1892 161 55 tous
1600 1878 342 67 s'étaient.

535 1992 427 77 accordés
878 1980 82 97 à
1003 1992 91 59 le
1119 1984 481 81 réprésenter.
1660 1992 287 81 comme

532 2114 96 42 un
693 2093 165 61 étre
910 2093 93 54 au
1062 2087 249 59 dessus
1349 2082 91 57 de
1506 2073 438 65 l'humanité.

531 2193 101 87 Je
674 2187 300 88 desirais
1048 2178 191 103 avec
1307 2178 256 93 ardeur
1645 2176 308 81 pouvoir

531 2287 205 89 juger
764 2300 127 65 par
961 2283 418 94 moi-même
1445 2278 162 95 d'un
1656 2276 297 65 caracte-

543 2401 75 56 re
670 2384 196 80 aussi
938 2385 266 80 grand,
1304 2384 192 62 aussi
1540 2379 408 85 distingué,

526 2471 186 110 mais
773 2494 78 80 je
903 2495 355 79 craignais.
1329 2503 137 70 què
1525 2497 67 59 le
1631 2493 217 64 motif
1869 2494 85 72 de

541 2620 113 48 ma
715 2578 343 103 Visiteet
1109 2597 64 59 la
1251 2593 499 82 présemption
1823 2612 132 62 que

538 2675 241 118 j'avais
852 2692 243 64 d'aller
1149 2694 502 83 l'importuner
1718 2713 238 58 ne.me

542 2806 78 65 fit
655 2794 302 88 paraître
1028 2795 167 66 bien
1257 2797 185 77 petit
1476 2794 36 61 à
1558 2813 112 43 ses
1738 2812 214 65 yeux.

536 2905 188 82 J'eus
745 2894 522 85 presqu'envie
1307 2897 86 60 de
1467 2895 185 62 m'en
1692 2907 267 51 retour-

547 3023 130 49 ner
723 3015 166 49 sans
971 2998 64 60 le
1101 2999 183 60 voir.
1359 2995 101 64 Ce
1528 2998 286 67 combat
1875 2999 83 60 de

552 3103 420 70 sentiments
1054 3097 374 62 .differens
1518 3098 311 81 .m'agita
1893 3092 88 95 et

527 3207 374 74 m'occupa
946 3198 290 83 l'esprit
1315 3203 319 79 pendant
1693 3220 136 62 que
1887 3202 69 80 je

2023 1367 94 61 du
2158 1357 351 88 Général
2567 1363 120 75 qui
2765 1381 113 42 me
2962 1366 493 60 conduisirent

2026 1469 179 60 dans
2279 1477 134 43 une
2497 1459 513 76 antichambre,
3072 1467 89 57 où
3205 1463 70 78 je
3338 1467 114 56 vis

2027 1565 357 84 plusieurs
2465 1561 345 61 cavaliers
2866 1571 244 51 corses
3154 1563 116 75 qui
3303 1561 154 61 l'at-

2026 1665 396 67 tendaient.

2117 1765 102 62 M"
2249 1762 511 78 Boccaciampe
2791 1764 106 66 lui
2973 1762 190 62 avait
3192 1771 267 53 annon-

2032 1866 81 63 cé
2154 1883 164 44 mon
2373 1862 296 75 arrivée,
2714 1870 74 55 et
2822 1863 138 64 l'on
3010 1852 453 74 m'introdui-

2001 1969 126 59 sit
2191 1968 179 59 dans
2441 1983 72 43 sa
2553 1965 360 62 chambre.
2954 1964 82 78 Je
3074 1968 76 57 le
3178 1965 281 62 trouvai

2035 2085 180 62 seul.

2119 2184 146 65 Son
2320 2185 100 63 air
2455 2203 112 45 me
2608 2184 270 83 frappa.
2934 2182 61 66 Il
3068 2189 109 57 est
3236 2181 230 84 grand

2036 2289 297 64 roBuste
2393 2295 70 57 et
2525 2288 323 65 bienfait.
2917 2286 89 65 Sa
3076 2286 385 82 physiono-

2035 2394 148 61 mie
2251 2394 223 61 douce
2530 2399 71 56 et
2661 2398 296 57 ouverte
3005 2392 321 61 annonce
3377 2389 90 61 de

2034 2497 67 59 la
2143 2492 503 84 sensibilité
2554 2487 111 94 et
2681 2495 89 61 de
2819 2496 67 60 la
2939 2494 352 81 grandeur
3312 2491 153 62 -d'ô-

2040 2580 142 97 me.
3138 2581 5 3 |

2128 2693 89 64 Sa
2293 2693 377 80 démarche
2702 2703 111 56 est
2869 2698 214 72 mâle,
3130 2703 155 55 tous
3348 2711 114 43 ses

2042 2804 477 56 mouvemens
2608 2807 160 53 sont
2837 2799 280 62 nobles.
3197 2795 56 62 Il
3290 2794 174 63 était

2045 2899 195 81 alors
2292 2890 169 70 dans
2493 2918 74 43 sa
2595 2892 494 88 quarantième
3131 2895 226 64 année
3399 2901 73 56 et

2042 3000 273 79 portait
2388 3020 87 42 un
2548 3001 202 63 habit
2806 3000 180 62 verd
3024 3007 71 55 et
3155 3018 101 45 or.
3324 2999 143 65 Son

2045 3119 222 62 usage
2356 3101 338 65 autrefois
2780 3101 192 64 était
3036 3103 89 61 de
3229 3108 245 74 porter

2043 3203 254 65 l’habit
2347 3207 356 62 ordinaire
2771 3205 123 61 des
2949 3221 264 57 corses;
3287 3205 185 62 mais

549 3302 337 94 traversai
962 3305 65 60 le
1087 3301 266 85 village
1434 3311 68 56 et
1540 3306 297 80 jusques
1877 3325 86 43 au

549 3408 326 68 moment
936 3424 148 62 que
1117 3406 315 85 j'arrivai
1493 3407 37 63 à
1570 3410 65 59 la
1690 3410 271 62 maison

555 3503 168 92 qu'il
786 3503 322 95 habitait.

1301 5563 51 25 aoa
1399 5547 52 25 “
1512 5539 12 46 MN

1257 5591 9 7 °
1333 5587 58 27 ~a
1467 5574 37 40 SÒ

1347 5608 96 60 ee,
1504 5615 7 7 |

1464 5664 77 61 erre,
1942 5724 28 6 è

1963 5756 22 14 “

2043 3306 40 63 à
2163 3305 327 64 l’arrivée
2546 3307 180 63 des.
2788 3304 357 84 Français,
3207 3307 48 61 il
3318 3302 156 66 crut

2046 3408 220 82 qu'un
2340 3428 130 62 peu
2511 3408 410 84 d'élégance
2960 3415 71 57 et
3059 3409 87 62 de
3186 3407 287 83 magni-

1996 3505 14 27 ’
2045 3511 278 62 ficence
2356 3509 423 66 extérieure
2831 3513 325 79 pourrait
3188 3511 288 66 contri-

1970 5703 53 9 EE
2040 5691 135 22 PETTO
2201 5688 77 30 DITS
2319 5692 5 2 v

2029 5704 40 23 “>
2118 5709 123 15 PORTER
2357 5707 13 12 7

1994 5725 20 8 =
2285 5729 14 8 5

1997 5727 100 23 ET
2094 5732 192 25 LE

2143 5761 16 13 -

1991 5784 70 34 a,

1491 5888 473 91 Pasquale

1570 6025 338 84 (Pittura
1948 6027 46 60 d

871 6198 46 21 77

881 6224 39 14 “

641 6544 57 63 Il
730 6536 121 82 me
873 6532 376 101 demanda
1315 6564 79 44 ce
1432 6545 172 84 qu'il
1673 6564 53 64 y
1783 6545 191 62 avait

531 6664 202 62 ‘pour
788 6663 174 47 mon
1021 6649 323 72 service;
1381 6648 91 79 je
1535 6649 98 60 lui
1685 6645 295 83 présen-

555 6749 96 61 tai
722 6752 66 58 la
859 6752 207 67 lettre
1119 6749 122 70 du
1279 6748 235 65 Conte
1597 6736 368 89 Rivarola,

549 6857 79 56 et
675 6851 238 79 quand
961 6852 244 63 ill'eut
1255 6854 142 72 lue,
1429 6853 74 82 je
1541 6847 95 93 lui
1660 6851 115 65 fis
1813 6855 160 61 voir

562 6957 173 59 celle
797 6955 89 61 de
924 6952 379 67 Rousseau

644 7054 57 64 Il
738 7056 103 63 fut
877 7045 176 93 poli,
1116 7059 178 61 mais
1322 7065 179 57 tres
1537 7056 313 66 réservé.

615 7157 147 80 J'ai
806 7157 205 81 parlé
1094 7161 171 76 dans
1347 7165 136 72 ma
1545 7162 139 62 vie
1725 7160 34 63 à
1778 7163 194 81 bien

567 7250 113 73 des
707 7252 328 83 Princes,
1076 7257 178 68 mais
1275 7264 255 79 jamais
1558 7276 143 52 non
1721 7263 252 82 jamais

566 7373 215 80 aucun
889 7382 90 43 ne
1055 7355 133 74 m'a
1258 7366 148 88 fait
1454 7365 363 82 éprouver
1895 7384 77 45 ce

529 7461 163 84 que
757 7466 71 80 je
915 7469 224 85 sentis
1220 7487 94 43 en
1356 7471 85 61 la
1488 7467 369 84 présence
1888 7470 83 61 de

567 7560 209 98 Paoli.
1006 7655 3 2 |
1259 7632 6 6 |

637 7669 123 79 J'ai
789 7669 159 83 déja
981 7673 104 63 dit
1122 7671 168 90 qu'il
1339 7681 112 57 est
1501 7664 263 93 grand,
1784 7658 187 107 phy-

569 7979 180 82 trahi
813 7968 105 75 ou
961 7975 354 83 assassiné
1374 7980 50 61 il
1455 7978 181 70 s'est
1663 7979 128 62 fait
1836 7996 136 48 une

558 8075 336 70 habitude
912 8060 466 105 d'observer
1408 8060 222 105 avec.
1667 8064 157 78 une
1875 8088 98 57 at-

558 8184 281 78 tention
862 8184 319 60 extréme
1221 8186 164 66 tous
1435 8183 106 72 les
1566 8198 404 67 nouveaux

558 8293 284 78 visages
864 8292 155 78 qui
1080 8290 518 82 l'approchent.

642 8401 323 64 Pendant
1002 8402 156 82 plus
1196 8403 87 62 de
1324 8385 132 80 dix
1486 8404 314 63 minutes
1838 8415 134 73 que

566 8510 171 56 nous
809 8522 181 68 nous
1040 8511 503 75 proreriames
1608 8510 364 63 ensemble

565 8631 92 72 en
697 8603 180 96 long
910 8620 72 58 et
1007 8610 98 75 en
1142 8616 197 87 large
1387 8617 173 63 dans
1620 8623 75 56 sà
1738 8610 236 73 cham-

561 8704 138 96 bre,
788 8720 35 63 à
889 8714 238 89 peine
1201 8707 465 81 dîmes-nous
1727 8724 244 78 quatre

568 8828 196 71 mots,
806 8825 182 79 mais
1028 8824 48 62 il
1116 8820 489 65 m'examinait
1640 8821 166 64 d'un
1849 8827 123 77 ceil

532 8915 160 72 fixe
727 8934 72 58 et
833 8929 303 81 percant
1166 8926 307 63 comme
1497 8924 109 63 s'il
1642 8932 122 56 eut
1798 8942 171 64 vou-

567 9021 61 63 lu
642 9021 372 87 pénétrer,
1058 9030 297 81 jusques
1398 9048 87 44 au
1535 9047 95 52 au
1660 9028 177 64 fond
1883 9014 84 78 de

570 9141 150 51 mon
733 9109 185 115 Âme.
1571 9117 5 2 |
1857 9215 6 5 |

637 9228 290 79 J'avoue
959 9245 169 71 que
1192 9241 185 58 cette
1440 9240 347 58 entrevue
1845 9250 114 44 me

576 9343 182 60 parut
817 9340 317 80 pendant
1160 9341 399 78 quelques
1603 9323 361 77 moments

577 9431 118 67 très
752 9441 322 82 ‘pénible,
1127 9433 111 71 et
1291 9458 138 66 que
1489 9440 73 82 je
1624 9438 110 77 fus
1801 9437 163 64 bien

572 9541 266 85 Soulagé
868 9526 302 106 quand;
1188 9526 319 106 perdant
1540 9559 143 63 peu
1719 9539 41 63 à
1830 9559 134 63 peu

588 9642 102 56 Son
734 9647 97 63 air
878 9640 89 90 de
1026 9638 310 83 réserve,
1374 9640 70 88 je
1490 9646 66 60 le
1613 9643 112 72 vis
1768 9660 196 48 com-

595 9744 243 68 Mèncer
875 9753 38 61 à
948 9754 230 80 parler
1198 9752 423 86 davantage.

651 9834 68 79 Je
761 9851 325 67 hazardai
1142 9843 197 75 alors
1378 9844 86 72 de
1503 9851 97 63 lui
1642 9850 324 62 adresser

584 9946 64 96 "e
702 9958 463 80 compliment
1196 9976 186 63 pour
1423 9958 104 61 les
1579 9959 264 58 corses.
1882 9949 80 80 Je

584 10046 269 99 VOyage,
932 10058 394 77 Monsieur,
1381 10060 95 62 lui
1520 10056 235 82 dis-je.
1795 10051 198 82 J'ar-:

582 10149 170 97 five
783 10156 84 63 de
939 10145 275 82 Rome.
1243 10160 307 83 Après
1484 10141 38 111 y
1578 10147 218 74 avoir
1867 10148 96 73 vô

581 10229 83 73 les
720 10258 233 66 ruines
981 10267 95 62 du
1141 10266 261 81 peuple
1480 10265 64 59 le
1601 10264 160 77 plus
1799 10277 161 46 cou-

581 10349 239 73 'aseux
892 10366 84 61 de
1047 10371 67 61 la
1168 10375 211 67 terre,
1435 10365 76 80 je
1578 10362 212 61 viens
1866 10362 91 62 ici

582 10449 429 106 "ontempler.
1052 10475 65 59 le
1175 10470 624 64 cômmencement
1871 10465 87 62 de

579 10528 370 115 l'élévation
1005 10573 204 67 d'une
1264 10578 197 62 autre
1517 10571 261 81 peuple
1837 10568 117 80 qui

583 10650 80 48 Re
695 10652 149 100 Cède
869 10674 206 74 point
1106 10695 145 44 aux
1275 10676 293 66 anciens
1610 10669 345 66 Romairis

581 10748 78 109 “N
687 10759 249 72 valeur.
967 10773 56 63 Il
1050 10786 196 75 recut
1284 10797 167 58 mon
1495 10774 461 79 compliment

637 10859 83 107 UR
807 10870 98 63 air
992 10883 362 82 gracieux,
1400 10899 107 66 en
1568 10877 388 63 observant

579 10947 141 66 QUIl
756 10979 38 63 y
824 10974 238 67 avait
1096 11003 140 60 peu
1274 10984 500 78 -d'apparence
1820 10994 132 63 que

604 11052 61 151 x
689 11048 246 179 corses
992 11085 326 75 puissent
1346 11085 278 82 jamais,
1667 11095 286 49 comme

646 11239 46 18 _
708 11182 365 87 "Omains,
1142 11190 302 61 devenir
1529 11205 91 59 un
1693 11183 259 82 peuple

634 11260 396 98 Onquérant,
1066 11281 76 69 et
1197 11298 141 72 que
1374 11293 166 59 leur
1610 11283 337 90 situation

621 11419 31 77 à
737 11353 90 172 pr
842 11349 270 180 oderne
1218 11392 304 111 système
1560 11382 390 120 Politique

565 11486 169 134 Mais
787 11483 124 148 cio
939 11483 59 148 PE
1053 11492 410 112 rendraient
1501 11488 445 114 impossible.

840 11590 119 48 len
1056 11595 419 90 n'empêche
1545 11589 401 82 ajouta-t-il,

2030 5856 155 107 de’
2265 5891 252 75 Paoli

1998 6029 46 56 i-
2067 6025 391 85 Drolling)

3251 6228 41 19 e

2053 6424 150 63 état
2252 6426 327 82 heureux
2635 6438 72 54 et
2757 6428 387 83 florissant:

2054 6511 61 61 Il
2194 6531 291 63 marqua
2557 6515 372 83 beaucoup
2980 6517 496 67 d’admiration

2053 6630 189 62 pour
2313 6603 388 88 Rousseau,
2731 6632 153 67 que
2961 6619 102 63 Mr
3103 6605 374 83 Buttafoco

2055 6718 196 60 avait
2289 6716 224 71 invité
2550 6717 39 64 à
2628 6707 248 93 passer
2917 6741 87 42 en
3047 6721 220 67 Corse
3297 6743 185 62 pour

2026 6818 231 61 ‘aider
2309 6822 66 59 la
2416 6822 243 64 nation
2702 6820 38 65 à
2783 6811 268 79 former
3076 6846 113 44 ses
3227 6828 159 63 lois.
3382 6807 34 102 .

2142 6918 372 85 Quelques

2053 7018 281 90 trèrent
2401 7027 172 61 dans
2653 7047 75 43 sa
2802 7010 361 97 chambre,
3214 7038 68 57 et
3338 7051 139 64 peu

2047 7124 220 81 après
2330 7117 99 73 on
2454 7131 277 63 avertit
2796 7150 134 62 que
2955 7137 70 59 le
3066 7132 205 65 dinèr
3307 7135 173 66 était

2056 7246 114 43 ser
2169 7219 111 94 vi,
2757 7304 4 5 |

2140 7312 98 64 Le
2282 7313 308 66 Général
2631 7337 116 53 me
2826 7319 80 64 fit
2968 7311 386 96 l'honneur
3390 7325 88 62 de

2055 7426 118 51 me
2247 7419 236 78 placer
2546 7417 37 67 à
2639 7439 118 45 ses
2856 7422 225 76 côtés.
3160 7423 88 64 Sa
3277 7428 202 62 table

2038 7515 196 67 était
2298 7522 87 61 de
2429 7540 68 66 15
2539 7539 94 47 où
2721 7522 76 64 16
2867 7534 359 67 couverts,
3270 7536 213 77 ayant

2054 7620 334 81 toujours
2448 7627 357 77 plusieurs
2867 7630 124 61 des
3055 7631 428 82 principaux

2055 7723 116 90 de
2213 7722 192 66 l'Isle
2446 7725 37 63 à
2557 7747 298 64 manger
2919 7751 178 45 avec
3138 7724 148 74 .]ui.
3332 7733 147 66 Son

2056 7828 351 91 cuisinier
2465 7829 171 66 était
2689 7851 99 43 un
2852 7836 244 62 italien
3133 7840 117 79 qui
3288 7840 194 78 avait

2055 7929 345 88 demeuré
2480 7929 417 92 longtemps
2990 7957 87 43 en

2052 8032 187 93 mais
2315 8034 50 59 il
2435 8035 270 93 aimait
2798 8036 37 62 à
2908 8038 314 75 n'avoir
3341 8050 139 74 que

2053 8150 145 61 peu
2292 8134 87 58 de
2436 8136 177 79 plats
2674 8138 294 81 siruples
3006 8148 72 57 et
3108 8145 264 62 solides
3410 8151 72 57 et

2053 8251 91 43 ne
2209 8234 248 65 bùvait
2465 8230 266 102 jamais
2754 8240 91 87 de
2856 8244 191 77 vins
3088 8242 384 86 étrangers,

1994 8329 4 3 |
2053 8332 284 66 évitant
2372 8338 175 64 avec
2607 8343 154 59 soin
2844 8336 222 74 toute
3095 8345 254 83 espèce
3390 8350 88 62 de

2048 8440 201 61 luxe.

2134 8523 229 78 Je.ne
2424 8528 165 79 pùs.
2622 8548 117 44 me
2798 8521 338 89 défendre
3176 8539 86 62 de
3263 8513 214 103 -sen-

2051 8627 97 61 tir
2207 8646 140 53 une
2382 8631 321 61 sortede
2729 8637 182 77 géne
2952 8623 86 77 au
3096 8640 261 65 milieu
3387 8643 88 61 de

2055 8748 80 43 ce
2187 8733 231 62 cercle
2478 8733 86 61 de
2600 8731 241 66 héros.
3317 8729 6 5 |

2142 8814 92 77 Le
2278 8815 307 91 Général
2622 8822 197 77 parle
2859 8821 370 84 beaucoup
3261 8826 213 64 d'his-

2050 8920 189 60 toire
2279 8925 72 57 et
2378 8921 84 61 de
2503 8919 414 78 littérature,
2954 8933 71 55 et
3059 8927 71 74 je
3181 8904 290 110 m'aper-

2052 9037 125 62 cus
2238 9022 277 62 bientôt
2566 9021 168 82 qu'il
2798 9027 189 60 avait
3031 9027 128 64 fait
3214 9029 257 70 d'exel-

2046 9122 235 63 lentes
2361 9123 265 63 études.
2654 9124 155 65 Son
2874 9129 226 78 esprit
3129 9114 108 79 est
3295 9131 177 64 orné

2031 9221 233 66 d'une
2302 9228 266 80 grande
2597 9217 276 103 variété
2888 9231 109 85 de
3042 9230 222 64 belles
3301 9251 170 45 con-

2018 9432 144 68 ble
2195 9428 176 65 était
2401 9433 183 61 aussi
2613 9439 392 64 amusante
3054 9432 417 82 qu’instruc-

2021 9535 202 77 tive.
2250 9535 482 77 Avantdiner,
2765 9537 265 60 ilavait
3052 9534 199 82 parlé
3286 9535 181 62 fran-

2047 9637 147 82 çais
2223 9634 33 64 à
2278 9634 185 72 fable
2506 9638 51 70 il
2586 9655 79 43 se
2708 9638 235 62 servit
2980 9638 85 62 de
3105 9631 68 70 la
3212 9639 260 81 langue

2045 9740 352 87 italienne
2421 9739 170 62 dans
2611 9740 311 78 laquelle
2950 9742 53 61 il
3027 9734 453 87 s'exprimait

2043 9840 555 84 éloquemment.
2640 9840 198 66 Nous
2879 9861 180 46 nous
3099 9844 369 62 retiràmes

2044 9948 179 76 dans
2299 9965 91 43 un
2453 9952 193 56 autre
2720 9953 493 74 appartement
3287 9962 183 63 pour

2042 10050 318 80 prendre
2388 10052 68 59 le
2487 10049 173 63 café.
2690 10049 291 63 Bientôt
3001 10051 73 78 je
3106 10068 87 43 ne
3224 10050 239 78 pensai

2039 10156 167 77 plus
2270 10149 40 63 à
2380 10154 144 61 moi
2584 10155 260 70 même,
2888 10159 72 55 et
3005 10133 117 81 ma
3158 10144 309 69 timidité

2040 10274 77 43 se
2194 10255 288 78 .dissipa
2514 10252 38 61 à
2621 10247 284 68 mesure
2984 10270 137 62 que
3169 10253 97 80 je
3296 10252 168 60 fixai

2047 10457 395 65 chefd'une
2501 10457 243 62 nation
2779 10455 293 76 entière.

2803 10557 322 85 Boswel.
3163 10555 213 86 (1768)

2574 10740 322 72 Scuse

2122 10915 70 59 A
2233 10911 362 62 bundanza
2673 10908 67 62 di
2765 10904 361 68 Yarticuli
3170 10908 61 63 ci
3274 10905 185 66 forza

2033 11027 72 61 di
2146 11009 239 77 rinvià
2433 11039 60 42 a
2528 11040 45 41 u
2636 11021 365 80 prossimu
3070 11029 308 53 numaru
3414 11040 46 42 u

2031 11126 295 82 seguitu
2376 11124 65 60 di
2468 11141 43 41 u
2540 11130 252 75 nostru
2813 11115 145 71 cusi
3000 11113 458 90 passinevule

2032 11221 420 96 fuglittinu
2429 11214 54 107 :
2514 11223 168 76 Una
2719 11233 355 80 Scupata.

2120 11345 119 65 Un
2290 11344 302 80 pudemu
2640 11361 312 44 nemenu
3001 11346 205 61 truvà
3230 11345 227 78 piazza

2031 11460 92 81 pè
2156 11476 41 40 e
2236 11453 261 63 nutizie
2525 11471 38 42 e
2591 11451 593 65 l'infurmazione.

2038 11569 206 64 Mille
2271 11581 226 46 scuse.

2054 6342 145 62 que
2245 6329 64 58 la
2333 6325 238 91 Corse
2619 6346 108 44 ne'
2745 6326 256 87 puisse
3047 6321 300 99 devenir
3370 6321 141 99 un.

2614 6944 154 44 uns
2810 6928 165 85 des
2958 6924 17 95 '
3022 6931 261 62 nobles
3350 6949 153 59 en-

3189 7938 285 79 France,

2047 9328 439 77 naissances,
2523 9336 70 55 et
2630 9333 64 58 la
2735 9335 530 70 conversation
3292 9332 47 65 à
3367 9338 133 59 ta-

2041 10361 203 74 toute
2277 10372 168 57 mon
2480 10351 356 65 attention
2884 10359 123 56 sur
3053 10354 437 64 cetillustre.

3533 1324 66 51 Et
3633 1328 52 48 la
3714 1332 142 47 mort
3895 1333 71 47 du
4009 1347 132 49 pays
4184 1333 92 63 qui
4313 1330 165 69 faillit
4498 1350 67 36 au
4598 1341 207 60 devoir.

3535 1408 65 49 Et
3625 1411 132 49 livre
3777 1413 31 46 à
3827 1428 89 36 ses
3953 1416 211 49 voisins
4183 1417 81 48 les
4285 1413 182 63 portes
4492 1420 69 50 du
4593 1426 250 58 pouvoir.

3536 1490 177 52 Venez
3729 1495 66 48 de
3823 1495 400 62 l'Occident,du
4251 1498 289 63 Levant,et
4566 1506 74 48 du
4668 1502 128 72 Pôle,

3538 1572 114 51 Une
3680 1577 249 51 dernière
3958 1580 106 50 fois
4088 1572 297 70 accomplir
4409 1586 150 49 votre
4579 1590 133 60 rôle,

3539 1656 364 66 Vous,qu'ont
3921 1663 201 51 noircis
4144 1663 253 52 l'haleine
4417 1667 56 47 et
4493 1668 52 51 le
4574 1673 152 51 sable
4738 1658 222 66 brùlant

3539 1739 104 52 Des
3665 1743 177 52 arides
3870 1746 277 61 plateaux,
4171 1749 73 48 du
4276 1747 216 51 sombre
4521 1756 281 52 continent

3543 2000 239 66 Puisque
3802 2006 122 49 seul
3944 2018 100 49 par
4060 2007 51 48 le
4124 1991 152 78 sang
4296 1992 72 63 of
4381 1992 161 78 peut
4560 2012 141 51 fèter
4736 2018 96 49 des
4852 1998 111 69 "cri-

4824 2087 132 74 mes,

3545 2178 72 51 Le
3638 2192 136 52 sang
3801 2181 221 50 coulera
4042 2183 138 50 donc
4199 2185 56 49 et
4280 2184 179 51 l’aube
4481 2200 98 36 sur
4613 2188 80 50 les
4728 2191 168 51 cimes

3546 2264 187 66 Rouge
3756 2279 60 54 se
3834 2266 206 63 lèvera,
4073 2270 190 62 quand
4276 2284 98 37 sur
4393 2270 262 52 l'horizon
4677 2274 149 64 clair,

3547 2351 72 51 Le
3646 2354 213 64 maquis
3885 2353 201 65 jettera
4105 2369 75 35 un
4210 2356 132 64 long
4368 2359 56 49 et
4451 2360 148 47 vaste
4608 2337 199 88 éclair.

3547 2506 208 51 Justice
3775 2511 56 47 et
3856 2507 234 53 liberté?
4112 2510 175 51 droits
4335 2512 71 49 du
4407 2494 195 78 faible
4603 2503 94 60 en
4730 2501 193 66 tutelle
4941 2516 25 51 2

3495 2657 3 4 |
3548 2591 139 51 Mots
3713 2593 155 51 vides
3897 2596 56 48 et
3981 2597 311 61 trompeurs
4315 2595 12 52 !
4369 2595 277 53 fourberie
4667 2598 262 54 éternelle
4914 2587 40 78 !

3552 2674 114 63 Que
3693 2677 450 52 n'affranchit-on
4158 2694 98 50 pas
4287 2696 136 37 ceux
4445 2682 170 63 qu'un
4660 2683 148 52 désir
4851 2701 119 48 per-

4842 2786 126 37 Vers

3555 2843 209 54 Courba
3788 2848 360 51 violemment
4167 2851 204 52 devant
4396 2855 89 48 cet
4510 2852 252 62 Univers.

3553 2926 210 80 Témoin
3783 2926 285 80 désaltéré
4095 2930 138 57 mais
4264 2938 95 63 qui
4389 2937 248 65 toujours
4670 2938 171 64 éxige,

3539 3013 147 63 -Qu'à
3703 3018 264 66 l'antique
3996 3021 211 51 bucher
4242 3023 239 51 d’autres
4536 3036 155 50 corps
4750 3038 68 36 on
4851 3025 119 61 fus-

4836 3110 130 63 tige.

3555 3184 398 66 Souveni,sans
3972 3193 204 64 grands
4204 3193 326 60 desseins.le
4548 3191 155 70 pâtre
4723 3194 56 49 et
4812 3194 54 50 le
4884 3194 90 64 pè-

4804 3280 170 51 cheur

3557 3356 298 54 Savourent
3882 3360 305 52 lentement
4232 3365 135 50 dans
4413 3378 62 37 sa
4511 3365 138 49 rude
4677 3364 293 62 fraicheur,

3554 3443 74 50 La
3650 3448 200 47 manne
3879 3445 132 62 d’un
4033 3447 196 52 rocher
4246 3463 107 49 que
4371 3450 52 51 le
4453 3449 156 51 soleil
4631 3450 271 64 parfume,

3554 3528 277 51 L'activité
3858 3542 129 38 sans
4007 3530 144 50 frein
4170 3536 57 47 et
4252 3534 54 50 la
4331 3535 140 50 libre
4500 3537 275 49 coutume.

3556 3696 105 51 Des
3689 3698 269 64 tares,des
3978 3699 199 50 ennuis
4196 3715 70 36 ou
4288 3705 67 63 de
4377 3703 187 52 tristes
4585 3686 225 70 soldats.

3556 3781 134 50 Mais
3708 3783 136 50 forts
3864 3782 369 67 d'honnéteté,
4262 3789 31 48 ô
4319 3788 241 52 lutteurs
4578 3790 324 65 pacifiques,

3539 3866 484 75 Dormiriez-vous
4060 3868 412 71 heureux,sous
4492 3875 96 61 des
4617 3877 143 58 mots
4795 3876 181 50 héroi-

3558 4036 176 53 D’ètre
3752 4030 154 73 objet
3911 4038 77 52 de
4010 4037 145 66 piété
4177 4033 340 63 seriez-vous
4538 4034 266 63 satisfaits
4822 4045 27 52 ?

3529 4136 4 5 ‘
3559 4119 420 62 Or,l’humanité
4008 4124 75 48 rit
4100 4126 57 48 et
4175 4109 270 89 lesDidux
4453 4109 146 89 sont
4611 4133 218 61 muets.

3879 4376 14 7 °
4194 4376 16 21 2

3559 4477 86 62 Un
3672 4488 218 52 homme
3918 4495 83 45 au
4017 4490 152 66 large
4219 4490 154 58 front
4401 4493 260 66 s'éloigne
4698 4496 97 50 des
4815 4496 164 52 récifs

3562 4571 102 67 Qui
3693 4576 186 49 virent
3903 4575 298 59 s’écrouler
4230 4567 86 85 ses
4328 4578 173 70 vieux
4541 4582 211 61 espoirs
4790 4581 184 53 natifs.

3553 4659 50 50 1l
3632 4673 28 37 a
3688 4658 121 74 toùt
3827 4645 211 81 engagé
4054 4657 134 55 dans
4202 4661 66 51 la
4285 4647 144 83 lutte
4443 4653 243 75 inégale,
4867 4730 5 6 |

3561 4745 241 49 Voulant
3827 4743 71 53 au
3929 4747 181 51 moins
4138 4743 238 78 fixer,en
4404 4751 142 50 cette
4585 4750 177 52 heure
4790 4751 182 62 fatale,

3503 4871 8 4 |
3562 4828 175 54 L'acte
3754 4823 131 82 Viril
3898 4834 87 49 ‘et
4015 4832 107 51 fier
4139 4833 132 50 d’un
4290 4829 201 69 peuple
4530 4837 64 50 de
4627 4836 209 65 géants,

3562 4912 395 76 Portantlefer
3982 4923 251 59 vengeur
4252 4912 99 58 sur
4393 4919 68 51 de
4481 4921 108 51 vils
4622 4922 352 64 trafiquants.

3561 4998 105 50 Des
3682 5013 365 53 compagnons
4077 5017 128 38 sans
4233 5004 83 72 foi
4335 5018 83 37 ou
4436 5005 197 67 rongés
4653 5021 100 50 par
4778 5009 202 50 l’envie

3543 5081 125 74 Ont
3688 5081 157 56 lâché
3871 5087 212 64 pied,et
4108 5079 309 81 seul,noble
4436 5081 152 61 cœur
4619 5093 165 63 qu'on
4829 5082 151 62 renie

3560 5167 73 50 Le
3653 5168 124 52 chef
3801 5171 463 72 parle,évoquant
4284 5174 81 73 du
4378 5187 107 51 peu
4501 5166 150 74 qu'il
4669 5191 30 37 a
4719 5178 190 63 sauvé,

3561 5250 75 52 Le
3653 5254 263 52 souvenir
3943 5250 95 58 des
4060 5258 155 64 jours
4230 5260 149 49 dont
4404 5260 41 48 il
4474 5264 86 47 est
4575 5246 267 82 abreuvé.

3565 5408 99 52 «Je
3691 5424 66 38 ne
3787 5409 285 70 chargerai
4097 5425 96 51 pas
4221 5414 67 69 du
4304 5410 129 54 fait
4458 5415 430 66 épouvantable,

3562 5494 214 52 L'unou
3796 5495 200 68 l'autre
4006 5490 278 68 canton,le
4302 5489 235 75 rendant
4554 5502 122 50 seul
4696 5502 278 63 coupable.

3563 5579 71 50 ls
3655 5580 186 74 furent
3857 5567 518 78 tous'vaillants,du
4394 5582 119 66 Cap
4540 5599 69 55 au
4640 5586 173 62 Niolo,

3561 5651 282 77 Pourtant,
3868 5666 216 49 chacun
4105 5668 65 50 de
4187 5669 244 62 nous,dü
4456 5669 110 51 mal
4585 5673 157 62 porte
4761 5685 98 37 son
4877 5672 97 50 lot.

3562 5747 279 65 Certes,en
3869 5746 416 72 implorant,du
4307 5751 221 74 maître
4552 5744 96 76 qui
4678 5754 301 68 gouverne

3561 5832 265 66 L'éponge
3853 5836 69 50 de
3966 5835 315 69 l'oubli,sur
4307 5833 174 71 notre
4516 5840 73 51 île
4649 5841 134 50 hors
4830 5841 150 52 d'ha-

3802 5968 7 6 ,
4274 5932 213 63 5...
4818 5926 162 52 -1eîne

3560 6001 64 51 Je
3638 6005 281 63 pourrais,
3953 5990 396 93 rénégat.jetér.
4362 5990 248 93 quelque
4651 6010 212 61 faveur,

3564 6072 189 89 Poison
3768 6092 134 46 cent
3940 6089 103 52 fois
4067 6091 130 66 plus
4226 6084 98 95 sür
4360 6076 127 94 que
4525 6095 160 62 celui
4708 6096 76 66 du
4826 6096 155 49 vain-

4018 6214 101 16 CL
4169 6173 135 89 OMM
4540 6206 55 32 ci
4784 6192 192 51 queur,

3504 6248 159 19 [ei
3645 6209 44 87 ta
3735 6235 106 21 srame
3906 6235 244 32 irabiestie
4224 6230 131 40 ARE
4496 6234 124 36 La
4707 6251 10 13 e

3543 6251 77 55 Si
3645 6268 53 51 je
3724 6268 140 39 vous
3864 6247 341 100 trahissais,
4217 6247 231 100 pretres,
4501 6274 109 38 rois
4658 6263 54 50 et
4759 6276 247 46 monar-.

4266 6339 175 51 dee
4585 6352 7 5 |
4741 6342 7 7 |
4843 6361 136 48 ques

3564 6421 358 63 Viendraient
3933 6438 86 37 me
4043 6401 294 102 prodiguef
4344 6407 69 71 de
4421 6401 390 102 souvéraines
4839 6445 140 36 mar-

3560 6591 63 52 Je
3638 6587 170 63 serais
3834 6593 276 79 honoré...
4141 6599 58 48 et
4216 6569 247 100 rüiné,jé
4480 6580 216 81 frémis

3560 6674 75 56 De
3649 6670 372 75 penser,qu'à
4052 6666 144 67 cette
4225 6671 261 81 heureun
4534 6676 199 73 cupide
4762 6689 216 50 ennemi

3563 6753 205 63 Souille
3787 6779 100 37 nos
3924 6760 175 76 morts
4118 6750 272 92 sacrés,ét'
4419 6770 67 51 de
4504 6748 253 81 la'Corse
4779 6773 194 64 inerte,

3563 6836 69 96 Ses
3637 6843 237 85 siècles
3902 6851 68 51 de
3997 6847 251 57 combats
4271 6845 87 82 ét
4367 6841 377 86 d'incéssante
4785 6858 190 64 alerte,

3561 6935 67 49 Et
3652 6935 53 64 je
3724 6936 532 67 vais,;indompté,où
4271 6928 88 81 me
4379 6941 267 65 poussent
4664 6942 81 52 les
4769 6947 206 61 vents,

3559 7009 69 61 Et
3644 7019 73 53 du
3745 7012 236 70 froid,de
3993 7021 69 58 la
4089 7022 138 79 faim
4239 7015 86 63 les
4349 7006 277 82 pénibles
4593 7002 53 103 -
4650 7029 325 51 tourments.

3560 7185 581 71 D'aucuns,glorifiant
4160 7169 327 88 l'infortune
4503 7176 206 70 cruelle

3562 7268 106 64 Qui
3692 7271 176 50 fondit
3895 7283 99 37 sur
4010 7270 94 52 les
4102 7255 284 92 miens:et
4401 7273 203 53 chasse
4614 7290 89 36 ma
4746 7277 230 62 nacelle,

3559 7356 271 50 Assurent
3854 7358 202 62 qu’aux
4082 7351 441 70 pariaë,$imême
4550 7373 100 51 par
4671 7344 151 68 l'exil

3561 7428 74 80 Le
3662 7426 242 79 doigt.
3831 7422 71 94 de
3933 7442 129 51 dieu
4091 7435 220 58 réserve
4333 7457 78 35 un
4430 7442 312 54 lendemain
4761 7448 151 64 viril,

3561 7526 227 66 Tlusion
3809 7540 129 47 sans
3927 7522 98 78 fin
4038 7522 76 78 !..
4135 7527 235 53 Ecoutez
4395 7529 90 52 les
4509 7530 366 66 blasphèmes,

3562 7613 74 51 La
3680 7613 162 51 haine
3886 7614 98 49 des
4011 7613 385 65 proscrits,des
4446 7617 171 49 vieux
4645 7617 81 52 les
4759 7607 222 62 anathè-

4841 7718 135 52 mes,

3562 7870 195 51 Foulés
3803 7885 73 61 au
3901 7870 405 74 pied,détruits
4313 7883 103 61 par
4440 7871 84 52 les
4566 7875 114 73 rois
4709 7876 266 64 rassurés,

3561 7954 223 52 Je:vous
3804 7951 228 87 exhorte
4054 7968 336 66 encor.ceux
4419 7957 132 51 d'un
4570 7957 105 62 ciel
4693 7959 283 66 fatidique,

3560 8039 354 66 D'expliquer
3937 8054 99 49 par
4066 8046 78 44 un
4172 8042 383 64 mot,quelque
4602 8044 159 66 signe
4789 8035 192 74 mysti-

4260 8123 11 7 -
4293 8125 27 23 I.
4899 8118 4 3 -

4852 8145 106 49 que

4963 8168 12 25 sb

3560 8211 74 50 La
3655 8211 180 50 raison
3862 8210 171 52 d’être
4047 8213 172 63 grand
4237 8196 141 80 pour
4394 8214 66 52 de
4477 8201 210 66 nobles
4705 8217 139 49 amis

3561 8295 78 68 Et
3654 8296 144 50 voué
3824 8309 73 36 au
3923 8295 165 52 billot
4113 8310 100 51 par
4238 8301 125 65 taus
4390 8313 131 52 mes:
4534 8299 376 71 ennemis!...

3560 8371 152 60 Vous
3740 8393 70 38 ne
3832 8381 298 64 répondrez
4156 8385 255 73 pas,et,
4368 8381 54 81 à
4452 8388 218 66 travers
4712 8385 85 51 les
4822 8386 151 64 âges,

3557 8465 65 51 Je
3641 8466 182 51 revois
3850 8467 217 64 défiler,
4092 8455 179 64 vision
4289 8458 404 77 d’esclavages,

3558 8542 73 61 Le
3654 8541 215 75 cortège
3885 8550 177 53 infini
4092 8545 94 60 des
4213 8536 235 84 peuples
4472 8542 296 64 enchaînés

3559 8635 155 53 Prêts
3747 8651 140 50 pour
3935 8627 121 61 tous
4102 8638 82 53 les
4212 8631 189 61 enfers
4442 8629 212 62 comme
4707 8640 68 49 de
4820 8639 153 49 vrais

4185 8718 5 4 Co
4728 8724 246 64 damnés.

3554 8807 66 52 Je
3646 8822 70 36 ne
3741 8808 110 50 sais
3878 8807 49 50 si
3957 8821 78 36 un
4065 8807 215 65 jour,le
4296 8809 200 52 monde
4523 8820 66 37 en
4633 8819 89 39 ses
4742 8808 228 61 colères,

3558 8889 69 53 Se
3655 8893 271 63 nettoiera
3955 8893 94 48 des
4064 8892 289 70 loups,des
4372 8892 350 63 remards,des
4757 8893 218 63 vipères

3555 8976 314 64 Dégageant
3895 8976 76 49 du
3995 8964 202 61 travail
4227 8968 73 59 de
4311 8977 57 67 la
4393 8975 282 61 sélection,
4747 9040 7 5 —

3554 9053 103 75 Les
3662 9060 190 50 fronts
3880 9057 175 52 mäles
4075 9059 145 62 épris
4240 9057 481 66 d’émancipation;

3553 9145 64 50 Je
3644 9158 69 37 ne
3733 9145 110 48 sais
3863 9143 186 64 quand
4062 9144 230 71 viendra
4303 9144 57 51 le
4378 9142 225 66 progrès
4623 9156 129 37 sans
4774 9141 196 65 férule;

3553 9227 135 52 Mais
3711 9241 99 51 par
3833 9227 53 50 le
3915 9240 136 51 sang
4079 9228 275 50 bouillant
4378 9227 97 65 qui
4497 9228 135 47 dans
4661 9240 148 52 mon
4828 9240 148 38 ceur

4182 9326 7 5 i
4744 9312 224 63 circule,

3552 9396 64 50 Je
3640 9395 121 65 jure
3783 9408 106 50 que
3916 9393 199 69 jamais
4142 9396 122 50 rien
4291 9397 140 60 n'ira
4458 9384 308 83 engloutir,

3554 9479 154 71 Cette
3736 9491 178 37 masse
3935 9492 69 36 en
4033 9481 187 60 granit
4246 9466 95 82 qui
4374 9482 190 63 guette
4589 9478 251 50 l’avenir.

3545 9632 51 50 dl
3622 9646 69 37 ne
3717 9631 384 63 m'appartient
4125 9631 126 63 plus
4278 9632 55 51 le
4359 9631 217 52 demain
4602 9630 329 53 insondable

3553 9715 104 62 Qui
3679 9714 295 53 verdissait
3995 9728 122 37 mes
4142 9729 101 37 ans
4274 9720 57 47 et
4356 9716 156 67 l’être
4533 9714 302 53 charitable

3553 9799 102 63 Qui
3685 9787 267 63 m'offrira
3944 9783 94 93 le
4049 9797 119 69 toit
4197 9801 59 49 etun
4271 9811 367 61 morceau
4681 9800 78 48 de
4775 9800 128 63 pain

3551 9887 79 50 Ne
3654 9898 202 52 pourra
3871 9888 110 59 que
4006 9884 225 49 nourrir
4258 9898 128 54 mon
4406 9882 208 51 éternel
4644 9883 255 66 chagrin.

3552 9969 57 54 Si
3637 9985 125 37 mon
3789 9964 132 55 rêve
3951 9970 85 48 est
4063 9968 311 63 douleurisi
4400 9981 131 37 mon
4558 9954 155 75 corps
4742 9971 61 48 se
4832 9982 135 42 con-

4304 10054 31 25 |
4638 10075 10 9 -
4791 10068 173 48 sume,

3548 10141 64 51 Je
3640 10153 124 38 sens
3791 10139 263 63 pourtant
4081 10136 195 52 brüler
4301 10138 136 49 dans
4460 10136 99 50 des
4586 10135 133 51 flots
4741 10138 228 51 d’amer-

3772 10214 4 4 |
4369 10249 41 40 i
4606 10285 4 2 |
4792 10226 171 56 tume,

3548 10310 74 51 La
3647 10297 258 62 Vindetta
3935 10305 237 71 sublime
4201 10308 66 57 et
4284 10319 61 37 ce
4364 10307 198 65 vivant
4584 10305 215 52 brasier

3546 10376 86 69 Me
3651 10392 195 52 défend
3872 10392 67 49 de
3967 10382 209 78 mourir
4211 10392 58 67 et
4293 10390 371 71 d'apostasier.

3548 10460 219 70 Comme
3792 10491 81 44 on
3892 10477 120 51 voit
4037 10477 99 50 des
4163 10470 221 57 enfants
4421 10475 175 61 grisés
4623 10489 102 51 par
4762 10476 55 52 la
4859 10477 109 50 for-

4812 10545 129 88 inne,

3545 10650 152 51 Jeter
3720 10663 109 35 aux
3857 10652 196 61 quatre
4078 10650 162 49 vents
4268 10645 106 54 l'or
4388 10644 96 62 quì
4512 10644 81 53 les
4626 10648 334 66 importune,

3543 10734 277 65 Ainsi,des
3848 10734 219 50 nations
4095 10734 151 50 ivres
4271 10731 73 69 du
4370 10729 126 49 bien
4526 10731 260 67 d'autrui,

3546 10819 66 50 Et
3629 10820 66 50 de
3715 10820 159 61 boue,
3905 10822 59 48 et
3985 10820 65 50 de
4072 10813 477 68 sang.croùleront
4587 10830 128 37 sans
4756 10819 218 64 appui.'

3546 10903 424 66 Seuls,radeaux
3998 10901 292 65 dédaignés
4311 10899 137 50 dans
4466 10899 53 51 la
4546 10902 154 50 noire
4719 10904 242 72 tempête

3543 10991 101 51 Les
3673 10991 202 50 déchus
3904 10991 68 49 de
3989 10989 140 63 jadis
4155 10985 311 53 relèveront
4490 10985 55 51 la
4563 10987 132 51 téte.

3545 11075 116 63 Que
3685 11076 53 62 je
3761 11076 168 49 laisse
3951 11088 70 36 au
4021 11064 192 79 destin
4240 11071 52 49 le
4314 11068 162 51 noble
4498 11071 231 51 mission

3540 11161 286 50 D'assurer
3850 11161 31 48 à
3902 11159 215 50 chacun
4135 11157 127 63 paix
4290 11155 56 48 et
4373 11153 328 63 réparation,

3542 11244 285 52 Comment
3846 11243 218 50 utiliser
4088 11243 83 49 les
4207 11240 241 50 instants
4466 11239 323 63 profitables

3542 11328 194 62 Quand
3752 11329 52 49 le
3823 11329 130 49 bras
3974 11331 54 46 et
4045 11326 214 62 l'esprit
4279 11335 69 37 ne
4360 11335 59 36 se
4437 11323 121 50 font
4575 11316 382 57 redoutables?

3538 11412 441 64 Plustard,jeme
3995 11412 177 49 verrai
4194 11409 292 49 recouvert
4506 11407 239 49 d’autres
4760 11405 195 72 fleurs.

3537 11496 136 51 Mais
3715 11498 151 50 aussi
3900 11497 59 61 je
3988 11493 173 51 verrai
4207 11492 129 48 bien
4383 11490 75 48 du
4499 11502 157 49 sang,
4697 11488 128 47 bien
4859 11486 98 46 des

4743 11569 211 61 pleurs,

3555 3612 74 50 Ils
3648 3626 69 38 ne
3735 3616 136 46 vont
3889 3627 97 50 pas
4008 3628 335 49 semer,sous
4363 3619 350 51 d'énervants
4735 3620 235 63 climats,

4797 3959 188 67 ques?

4808 6525 166 59 ques,
4996 6551 4 5 ‘

3563 7784 67 51 Et
3655 7785 54 50 la
3726 7784 246 52 clameur
3991 7785 270 60 croissant
4286 7786 96 49 des
4410 7787 229 65 peuples
4670 7791 305 64 pressurés,
4967 7780 54 79 |

5033 1350 286 51 Terrassée
5343 1366 67 35 ou
5437 1355 200 48 debout
5668 1359 144 63 reste
5860 1356 197 60 forte,
6106 1369 87 33 ma
6247 1351 199 53 Corse!

6109 1517 7 5 |
6169 1517 189 63 F.C.

5827 1670 125 56 Mai
6002 1670 149 58 1918

6532 1282 329 100 coraggio,
6872 1301 153 57 fate
7063 1298 142 55 dire
7239 1314 118 52 per
7386 1292 194 57 unica
7622 1286 296 75 risposta
7894 1282 51 100 :

6543 1384 165 57 Viva
6736 1382 70 56 la
6836 1375 274 62 libertà.

6612 1457 182 59 State
6821 1472 164 56 pure
7015 1449 270 72 allegro,
7318 1443 124 59 che
7471 1444 59 55 le
7544 1458 177 70 cose
7731 1437 235 59 hanno

6535 1532 451 59 cominciato
6948 1516 61 91 a
7019 1524 322 76 prendere
7384 1520 220 58 buona
7658 1534 224 69 piega;
7932 1532 37 38 €

6520 1610 70 57 si
6615 1606 395 75 spererebbe
7036 1602 99 58 fra
7165 1619 133 39 non
7339 1596 205 57 molto
7599 1593 122 58 che
7786 1612 22 37 i
7851 1609 123 70 ne-

6537 1685 154 57 mici
6723 1683 251 58 fossero
7003 1676 271 63 ristretti
7339 1673 107 58 nei
7513 1671 141 58 loro
7683 1667 286 74 presidj.

7353 1749 87 61 P.
7484 1744 110 64 de'
7631 1741 246 66 Paoli.

6021 4653 469 91 Pasquale
6550 4651 152 97 de'
6760 4651 258 74 Paoli

5785 4881 9 6 |
5872 4790 337 82 (Pittura
6247 4790 82 61 di
6362 4787 332 94 l'inglese
6729 4778 438 103 Lawrence)

5057 5013 300 86 Lettara
5395 5016 260 62 scritta
5691 5012 44 64 a
5770 5035 54 41 u
5859 5020 219 55 conte
6123 5013 350 71 Rivarola

5935 5233 278 71 Agostu
6250 5228 142 74 1768

5131 5357 70 58 In
5233 5358 225 58 Bastia
5489 5371 343 62 aspettano
5862 5380 34 37 a
5929 5358 317 60 momenti
6290 5366 183 64 quat-

5056 5434 225 97 tordici
5319 5453 68 57 in
5419 5453 199 62 sedici
5650 5454 410 74 battaglioni;
6094 5473 36 39 e
6161 5470 305 56 prepara-

5056 5566 84 39 no
5168 5546 66 58 di
5261 5546 110 74 già
5398 5548 92 73 gli
5530 5547 601 73 alloggi.-Vantano
6181 5546 71 57 di
6293 5546 179 70 aprir

5057 5641 58 55 la
5143 5661 367 54 campagna
5551 5643 66 55 di
5639 5636 339 76 buon'ora.
6013 5643 53 57 A
6083 5643 248 76 queste
6359 5658 113 39 no-

5056 5737 148 55 tizie
5231 5736 281 58 chiamai
5544 5737 62 58 le
5636 5738 173 71 pievi
5840 5737 67 56 di
5953 5736 234 80 questa
6241 5734 233 73 giuris-

5053 5826 283 78 dizione,
5376 5850 36 38 e
5445 5831 70 55 di
5565 5831 220 72 quella
5843 5817 316 89 d’Aleria.
6210 5827 261 82 Furono

5038 5944 207 53 ‘prese
5283 5925 237 58 alcunè
5563 5923 569 67 determinazioni,
6167 5923 63 55 di
6263 5922 101 71 cui
6408 5921 67 60 vi

5056 6018 322 58 acchiudo
5408 6039 92 37 un
5530 6018 345 72 ristretto...

5131 6111 142 59 Con
5318 6121 171 48 tutto
5542 6111 123 63 che
5708 6100 276 81 vantino
6041 6109 430 57 l’immediato

5056 6204 215 65 arrivo
5300 6204 68 57 di
5388 6206 243 75 questo
5671 6202 324 79 rinforzo,
6021 6203 132 58 mai
6200 6220 272 40 cessano

5056 6298 63 56 di
5148 6298 437 78 sollecitarmi
5604 6318 117 53 per
5761 6309 261 45 entrare
6068 6298 66 55 in
6187 6315 91 37 un
6323 6305 152 49 trat-

5056 6382 135 73 tato
5230 6392 64 56 di
5338 6391 611 57 accomodamento.
5984 6379 241 68 Danno
6268 6388 81 58 ad
6377 6388 97 57 in-

5055 6484 273 86 tendére
5357 6483 124 59 che
5507 6483 39 58 il
5581 6505 70 37 re
5685 6483 535 74 prometterebbe
6248 6482 67 72 di
6344 6481 128 57 mai

5057 6577 109 72 più
5197 6579 283 57 rendere
5506 6578 43 55 il
5573 6577 232 73 Regno
5834 6577 59 57 ai
5926 6576 370 67 Genovesi,
6332 6595 35 38 e
6407 6574 62 60 di

5056 6672 250 58 tenerlo
5360 6676 196 55 senza
5615 6672 60 57 la
5732 6662 274 67 minima
6041 6670 430 74 dipendenza

5057 6766 85 57 da
5162 6767 129 56 essi
5322 6766 125 57 che
5493 6785 115 53 per
5644 6764 648 60 venti
5834 6760 70 83 o
5910 6764 382 60 trent'anni
6339 6784 131 37 non

5058 6859 382 73 esigerebbe
5459 6859 192 58 alcun
5705 6859 212 68 dazio;
5966 6859 124 59 che
6132 6869 170 48 tutto
6373 6878 103 37 ac-

5058 6953 426 61 corderebbe,
5504 6963 310 51 contento
5856 6953 105 58 dei
6011 6953 315 73 vantaggi
6364 6971 112 55 po-

5059 7047 153 59 litici
5242 7048 126 57 che
5395 7049 461 73 siripromette
5881 7038 66 67 di
6001 7040 260 66 ritirare
6305 7046 168 57 dalla

5059 7142 362 59 situazione
5469 7143 101 57 del
5600 7153 229 47 nostro
5870 7161 218 53 paese.
6110 7140 147 59 Con
6287 7158 190 55 ques-

5059 7246 60 48 te
5145 7236 314 78 lusinghe
5469 7254 151 47 non
5649 7230 567 79 guadagneranno
6262 7235 48 56 il
6356 7229 122 62 Re-

5058 7349 149 53 gno.
5240 7323 469 65 L’avversione
5729 7319 37 67 è
5781 7340 114 47 ora
5917 7339 238 63 troppo
6184 7327 187 66 forte,
6393 7326 81 58 ed

5058 7443 36 38 a
5123 7442 205 54 segno
5360 7422 124 59 che
5528 7422 261 59 sembra
5851 7422 352 59 diminuita
6258 7420 216 74 quella

5059 7516 118 60 che
5204 7516 324 59 avevamo
5549 7517 270 66 controi
5847 7516 358 71 Genovesi,

5873 7629 85 63 P.
6001 7625 112 64 de’
6152 7622 235 66 Paoli.

5055 8132 302 77 Lettara
5392 8146 261 62 scritta
5687 8164 46 44 a
5769 8166 52 43 u
5857 8152 217 76 conte
6121 8141 354 65 Rivarola

5763 8362 78 58 ‘6
5871 8360 352 83 Dicembre
6253 8348 146 83 1768

5113 8478 143 69 ‘Mai
5331 8485 276 63 cessano
5691 8484 370 87 insidiarmi
6171 8489 60 57 la
6316 8488 152 57 vita.

5056 8581 131 58 Ora
5216 8581 124 59 ché
5396 8583 259 59 vedono
5702 8594 303 61 scoperte
6048 8586 187 69 parte
6305 8581 168 58 delle

5054 8675 136 60 loro
5220 8677 340 73 congiure,
5603 8676 347 76 detestano
5988 8671 132 86 tali
6137 8671 325 86 massime.

5055 8759 48 67 Il
5122 8770 428 73 galantuomo
5572 8769 122 59 che
5724 8771 89 56 mi
5831 8781 342 62 prevenne
6200 8769 119 77 del
6348 8779 124 48 tra-

5052 8863 293 58 dimento
5376 8862 125 58 che
5534 8864 41 55 il
5630 8863 257 76 piccolo
5942 8863 292 58 Massese
6286 8862 182 58 volea

5051 8957 188 59 farmi
5286 8957 71 58 in
5406 8948 353 77 Lucciana,
5816 8957 91 77 mi
5961 8957 84 56 ha
6104 8967 364 63 prevenuto

4999 9078 4 5 {
5053 9069 111 39 ora
5192 9050 122 58 cke
5363 9049 368 58 Chauvelin
5782 9050 37 55 è
5857 9039 393 74 ammalato:
6274 9049 195 58 credo

5039 9144 131 67 che
5190 9142 96 57 sia
5309 9151 121 63 per
5463 9134 160 75 aver
5666 9143 241 57 veduto
5937 9142 208 59 fallito
6195 9143 45 57 il
6279 9143 188 72 colpo

5051 9235 206 59 anche
5286 9247 236 60 questa
5555 9236 202 57 volta.
5804 9236 141 73 Egli
5996 9256 157 39 avea
6189 9236 276 58 differita

5051 9339 553 63 espressamente:
5651 9328 87 59 la.
5791 9348 119 39 sua
5978 9340 311 64 partanza
6353 9350 115 52 per

5051 9421 293 59 Francia.
5381 9421 210 59 Crede
5642 9423 255 58 riuscir.
5926 9412 204 83 molto
6187 9425 174 70 dopo
6403 9425 63 55 la

5051 9517 124 56 mia
5204 9528 237 61 morte:
5459 9520 325 71 s'ingana.
5819 9519 26 56 I
5872 9518 196 59 Corsi
6112 9517 352 70 sarebbero

5049 9614 110 72 più
5186 9611 153 60 forti
5372 9614 226 64 allora,
5649 9614 257 58 benchè
5934 9625 133 63 per
6115 9634 188 62 poco
6342 9613 124 59 fos-

5049 9726 143 39 sero
5238 9707 268 74 apparsi

5048 9800 130 57 alla
5198 9812 215 47 morte
5441 9801 106 57 del
5576 9801 135 58 mio
5743 9811 445 57 antecessore,
6223 9800 122 59 che
6373 9802 92 57 di-

5036 9913 303 39 vennero
5380 9895 116 73 più
5531 9894 192 57 arditi
5770 9903 38 49 è
5833 9895 549 74 intraprendenti.

5122 9989 88 58 Le
5240 9987 248 73 notizie
5520 9989 59 57 le
5623 9999 264 61 saprete
5933 9989 172 80 dalla
6161 9988 299 59 Monaca.

5049 10082 193 58 Parto
5277 10082 177 72 dopo
5501 10082 245 58 dimani
5792 10090 122 63 per
5924 10067 307 91 Nebbio.
6235 10067 103 91 Se
6372 10081 90 56 mi

5049 10176 202 57 riesce
5280 10197 91 37 un
5416 10164 190 84 colpo
5636 10174 123 58 che
5780 10175 339 61 medito,ci
6148 10167 318 74 sentirete

5046 10270 276 70 piacere.
5386 10269 136 56 Ora
5565 10286 216 55 vengo
5837 10270 320 56 avvertito
6219 10266 123 58 che
6394 10268 68 56 in

5046 10362 249 58 Nebbio
5318 10362 525 58 macchinavano
5867 10372 231 46 contro
6144 10361 66 56 la
6236 10361 133 55 vita
6396 10359 66 56 di

5045 10457 128 57 mio
5193 10455 286 60 fratello.
5508 10454 128 60 Che
5659 10450 250 83 perfidi!

5859 10567 86 61 P.
5987 10564 112 63 de’
6135 10518 239 109 Paoli.

5462 10831 11 4 .
5614 10804 201 48 ne
6038 10819 55 7 —
6282 10819 21 5 -

5039 11049 144 62 San
5207 11049 235 61 Petru
5472 11046 80 61 di
5580 11046 334 60 Venacu.

5119 11225 50 78 È
5203 11248 232 55 morta
5457 11259 42 41 a
5521 11256 301 45 mamma
5852 11237 67 59 di
5955 11254 43 41 u
6044 11241 254 55 nostru
6329 11234 125 60 fra-

5034 11337 169 66 tellu
5243 11344 68 60 di
5347 11342 163 61 fede
5533 11336 419 64 Ghiuvanni
5986 11333 387 91 Olivieri..

5119 11441 210 61 Semu
5360 11441 164 60 tutti
5566 11439 71 59 di
5685 11437 165 61 côre
5898 11454 130 42 cun
6059 11435 145 75 ellu
6250 11450 39 40 e
6319 11449 133 43 cun

5035 11557 39 43 a
5101 11556 78 45 so
5216 11541 417 60 addulurata
5669 11536 338 77 famiglia.

5583 9707 291 66 confusi;
5926 9728 188 38 come
6167 9727 298 38 avvenne

6522 5030 542 140 Centenariu
7110 5026 96 111 di
7258 5027 422 134 Pasquale
7718 5024 262 111 Paoli

6528 5177 2 3 |
6795 5188 104 62 Pè
6926 5200 44 49 a
6989 5188 249 76 palma
7257 5186 80 96 di
7370 5206 54 43 u
7449 5184 271 63 P.C.A.

6745 5340 188 71 Terza
6966 5342 134 76 lista
7134 5341 57 68 di
7224 5339 473 76 sottuscrizione
7727 5364 18 46 :

6630 5491 747 80 Grossetto-Tuzzarella

6631 5589 340 59 Benedetti
7003 5590 92 66 M.
7843 5602 29 39 1

6631 5664 250 69 Davide
6908 5674 393 59 Colombani
7841 5670 145 59 2.50

6631 5762 294 55 Avucatu
6965 5756 270 70 Andrei,
7294 5759 202 72 Alger
7844 5756 50 60 5.

6629 5845 167 58 Jean
6858 5845 215 70 Mali,
7114 5845 329 60 Direttore
7484 5842 65 60 di
7583 5863 39 39 a
7668 5863 8 6 :

6782 5930 326 60 Nouvelle
7163 5932 199 57 Corse
7806 5924 97 61 10

6631 6014 395 60 Terrazzoni
7074 6016 73 61 P.
7188 6018 77 56 A.
7843 6027 37 42 2

6634 6101 195 57 Petru
6884 6101 289 76 Bonardi
7804 6103 77 54 20

6632 6184 383 60 Maestracci
7051 6185 90 58 S.
7806 6200 66 51 1

6635 6269 54 57 U
6734 6269 220 60 Corbu
6998 6269 494 75 Sampetracciu
7836 6268 42 60 5

6633 6349 281 84 Traversi
7840 6370 29 42 1

6632 6438 372 60 Francescu
7064 6439 364 63 Carbuccia
7843 6439 38 59 5

6635 6523 244 60 Bartoli
6936 6525 80 59 G.
7215 6513 35 36 N
7830 6524 158 61 ‘4.50

7327 6774 4 4 |
7806 6701 183 72 64.00

6893 6783 237 82 Prime
7164 6785 193 59 liste:
7766 6787 223 73 193.00

6900 6954 244 60 Tutale
7171 6978 19 46 :
7756 6951 228 83 257.00

6623 7057 46 51 U
6707 7057 138 53 P.C.
6862 7062 64 49 A.
6958 7063 75 49 ha
7060 7064 176 53 dicisu
7259 7067 89 49 chi
7387 7081 32 35 a
7436 7067 180 65 palma
7652 7070 123 50 sarà
7793 7072 196 61 sposta

6553 7138 173 47 nantu
6778 7151 29 35 a
6857 7140 185 49 tomba
7093 7141 56 49 di
7201 7157 37 36 u
7262 7142 190 52 Babbu
7497 7143 58 50 di
7580 7145 43 48 A
7670 7144 219 62 Patria,
7920 7154 68 42 "u

6552 7211 164 64 jornu
6772 7215 55 49 di
6868 7214 472 67 l'inaugurazione
7369 7221 56 50 di
7474 7235 30 37 a
7527 7220 164 53 Croce
7744 7223 60 50 di
7844 7223 147 51 Pon-

6552 7285 228 72 tenòvu.
7456 7330 17 10 -
7737 7307 14 43 :

6611 7542 167 109 Per
6853 7583 58 71 u
6987 7468 310 209 Teatru
7371 7550 208 108 di
7513 7546 91 135 À
7634 7553 293 109 Muvra

6556 7693 200 52 Teatru
6779 7708 157 66 corsu
6957 7696 318 54 ambulante
7302 7700 75 49 du
7396 7697 57 53 U
7476 7697 513 68 Sampetracciu

6716 7822 232 76 Quarta
6991 7825 133 77 lista
7179 7827 57 68 di
7282 7830 470 75 sottuscrizione
7792 7858 23 54 :

6556 7977 256 60 Alessio
6842 7980 346 60 Marchetti

7785 8002 74 43 10

6558 8061 202 61 Petru
6791 8066 290 59 Bonardi
7785 8072 80 60 50

6532 8149 452 76 «Vinciguerra
7016 8166 7 8 '
7787 8149 76 67 10
7890 8186 10 7 -

6557 8233 255 80 Davide
6834 8234 393 63 Colombani
7824 8245 159 67 2,50

6553 8319 296 80 Simeoni
7808 8330 56 58 5

6553 8403 754 64 Grossetto-Tuzzarella
7782 8431 82 43 10

6554 8485 295 82 Bonisoli
7785 8514 77 45 10

6554 8574 56 58 U
6642 8574 220 60 Corbu
6892 8577 493 73 Sampetracciu
7786 8584 77 59 15

6552 8651 301 86 Colonna
7637 8666 45 39 7.
7822 8683 38 43 2

6550 8747 223 58 Aitelli
6804 8747 77 66 G.
6916 8749 74 58 B.
7731 8784 6 6 -
7780 8751 78 62 50

6552 8830 277 60 Pianelli
6861 8832 184 81 Luici
7820 8840 39 58 5

6540 8915 366 79 Battiotelli
6937 8921 266 57 Antone
7814 8925 40 57 3

6552 9002 185 57 Luici
6772 9003 67 58 L.
7783 9024 76 43 10

6546 9083 284 62 Mariotti
6859 9081 330 80 Pasquale
7782 9108 77 44 20

6548 9171 350 59 Santarelli
6931 9173 73 57 P.
7038 9176 71 56 A.
7781 9181 79 59 30

6549 9255 234 60 Romei
6812 9256 66 59 S.
7780 9278 77 45 20

7157 9493 4 4 o.
7748 9434 225 60 252.50

6931 9512 224 60 Prime
7182 9516 150 74 liste
7750 9519 227 72 572.50

6927 9681 274 60 Tutale:
7750 9689 234 59 825.00

7430 9875 7 28 -,

7080 9889 292 33 +

6667 10035 140 71 La
6858 10034 309 75 Corse
7222 10038 628 91 Touristique

6625 10231 88 56 Le
6767 10251 278 39 numero
7102 10249 39 54 4
7195 10234 81 55 de
7303 10245 172 47 cette
7528 10235 443 59 interessante

6542 10334 68 44 et
6634 10323 70 57 si
6748 10326 158 56 utile
6951 10344 206 40 revue
7209 10327 180 57 vient
7441 10327 85 57 de
7573 10328 331 76 paraitre.

6624 10417 98 58 En
6793 10410 167 67 voici
7016 10420 64 57 le
7136 10422 412 58 sommaire
7495 10406 75 89 :
7603 10412 362 78 Editorial
7917 10406 46 89 ;

6541 10513 334 72 Fra.cois
6910 10513 301 76 Santoni
7251 10532 14 34 :
7316 10514 295 59 L’amitié
7670 10514 292 73 Corse;

6542 10606 194 59 Paul
6768 10608 336 72 Arrighi
7070 10602 70 83 :
7158 10608 142 58 Une
7379 10610 148 56 nuit
7569 10628 85 38 au
7707 10610 104 55 lac
7881 10609 132 57 de.

6543 10700 176 57 Nino
6764 10723 17 46 ;
6836 10701 89 57 D.
6977 10701 555 72 Pugliesi-Conti
7558 10722 17 35 :.
7653 10701 316 58 L'avenir

6541 10793 365 73 d'Ajaccio;
6937 10793 194 77 P.7.
7165 10795 230 61 Salini
7421 10817 16 35 :
7473 10794 88 57 La.
7649 10795 317 71 question

6539 10888 121 58 des
6747 10900 368 60 transports
7197 10890 410 65 maritimes;
7660 10888 64 55 J.
7774 10887 91 55 de
7887 10886 80 56 la

6540 10984 291 57 Parata:
6888 10984 268 72 Voyage
7222 11003 83 37 en
7344 10981 266 66 Corse;
7658 10979 310 56 Docteur

6535 11087 348 57 Barbaud
6908 11099 12 34 :
6947 11085 293 57 Histoire
7298 11081 394 72 bourgeoise
7753 11078 211 57 d'une

6535 11179 253 59 famille
6830 11180 291 62 illustre;
7169 11164 335 84 Francois
7517 11164 236 84 Pietri:
7785 11168 180 58 Cho-

6535 11282 108 48 ses
6664 11285 65 44 et
6754 11261 242 67 autres.

6616 11363 90 56 La
6741 11379 202 39 revue
7006 11354 103 59 est
7138 11356 472 72 superbement
7655 11351 309 58 illustrée

6533 11454 84 55 de
6631 11451 197 72 jolies
6855 11447 519 74 photographies
7392 11446 121 57 des
7533 11444 267 58 maitres
7829 11441 133 56 To-

6532 11542 168 58 masi
6746 11554 66 60 et
6837 11540 362 59 Cardinali.
7243 11551 12 8 ‘
