7992 11508
330 383 189 166 AI
606 382 474 198 luogo
1167 368 557 168 natale

2243 246 111 7 I

1356 618 161 163 di
1614 610 799 208 Pasquale
2499 607 243 167 de’
2797 607 445 166 Paoli

419 1066 121 60 Era
566 1061 114 81 già
720 1059 181 62 tardi
935 1053 273 80 quando
1225 1048 242 83 giunsi
1499 1065 39 40 a
1567 1045 177 61 Ros-

331 1169 152 57 tino
514 1180 39 43 o
595 1157 462 77 Morosaglia,
1108 1151 153 61 Con
1317 1151 254 74 queste
1621 1145 121 57 de-

328 1258 477 65 nominazioni
873 1254 54 59 si
996 1250 383 77 designano
1473 1242 265 77 diversi

329 1361 206 62 casali
574 1350 449 69 disseminati
1076 1346 363 75 sull'aspra
1468 1345 273 57 monta-

326 1478 175 62 gna.
526 1455 133 61 Nel
692 1451 339 62 labirinto
1087 1444 110 61 dei
1256 1440 299 63 sentieri
1613 1436 125 61 che

327 1562 62 56 si
435 1555 320 80 perdono
813 1548 105 60 fra
961 1548 21 58 i
1021 1544 266 70 boschi,
1332 1557 141 44 con
1523 1539 219 59 molta

327 1650 334 68 difficultà
696 1647 240 63 trovai
976 1648 66 58 la
1075 1645 115 58 via
1215 1641 127 61 che
1386 1638 354 62 conduce-
1768 1699 23 20 ;

327 1775 95 41 va
480 1756 63 59 al
587 1753 367 59 convento
1020 1744 67 60 di
1144 1739 446 79 Morasiglia.
1632 1735 108 61 In-

326 1858 202 60 nanzi
587 1856 65 58 al
717 1851 362 61 convento
1127 1841 191 83 (cosa
1374 1838 366 64 rarissima

327 1959 118 58 nei
474 1951 294 80 villaggi
809 1948 115 59 del
950 1939 231 84 paese)
1230 1940 239 61 trovai
1507 1956 96 40 un
1650 1937 90 58 al-

326 2058 218 76 bergo
605 2054 191 59 dove
841 2043 303 63 conobbi
1181 2057 92 41 un
1312 2039 229 58 bravo
1591 2036 146 77 gio-

323 2157 294 57 vanotto
675 2148 134 62 che
860 2161 114 45 me
1014 2142 182 59 disse
1248 2138 71 59 di
1385 2151 242 45 essere
1690 2134 50 58 il

327 2255 334 61 direttore
721 2247 186 61 della
956 2243 233 60 scuola
1241 2235 197 61 Paoli
1497 2253 37 40 e
1575 2231 165 62 s'of-

327 2353 183 60 ferse
548 2352 70 59 di
644 2348 211 61 farmi
910 2345 86 60 da
1033 2337 230 82 guida.

411 2451 59 62 Il
495 2451 302 62 mattino
832 2442 335 81 Seguente
1201 2439 108 63 mi
1351 2434 194 64 recai
1604 2435 134 58 alla

326 2550 275 75 Stretta,
656 2553 224 75 luogo
911 2545 223 60 natale
1189 2540 109 61 dei
1345 2543 113 55 tre
1512 2532 222 63 Paoli.

327 2652 379 61 Visitando
771 2651 71 59 la
879 2662 172 45 casa
1087 2637 240 74 Paoli,
1369 2636 128 62 noi
1551 2649 191 45 com-

323 2751 420 80 prendiamo
852 2744 262 80 meglio
1176 2741 64 59 là
1310 2737 225 61 storia
1624 2733 110 59 dei

328 2849 226 73 Còrsi,
612 2867 38 42 e
719 2846 349 62 sentiamo
1116 2857 123 62 per
1301 2834 435 81 quell'uomo

321 2953 272 59 illustre
631 2943 622 65 un’ammirazione
1284 2936 230 62 anche
1546 2950 190 61 mag-

320 3052 223 78 giore.
615 3048 93 71 La
756 3063 161 46 casa
980 3042 191 63 Paoli
1221 3040 39 59 è
1298 3054 141 43 una
1490 3050 172 44 vera
1700 3051 38 39 e

321 3150 264 79 povera
624 3147 395 66 abitazione
1056 3142 84 60 da
1172 3135 397 73 contadini,
1610 3131 124 63 che

322 3267 207 62 sorge
557 3263 257 64 presso
854 3246 92 60 ad
1001 3248 135 56 una
1169 3239 227 61 fresca
1444 3250 295 63 sorgen-

319 3355 96 55 te.
476 3348 90 61 La
618 3365 162 44 casa
820 3342 350 64 costruita
1199 3339 76 60 in
1311 3337 243 78 pietre
1599 3335 140 59 mal

321 3466 370 53 connesse,
748 3447 353 60 diroccata
1138 3455 200 54 come
1379 3453 143 55 una
1577 3450 159 43 Vec-

321 3551 384 68 chiatorre,
733 3546 102 68 ha
859 3541 270 82 piccòle
1151 3539 300 62 finestre
1490 3551 249 63 sprov-

316 3652 188 60 viste
563 3650 69 58 di
706 3646 203 73 vetri
967 3642 265 61 munite
1292 3638 69 61 di
1403 3635 325 78 semplici

319 3753 307 77 imposte
657 3747 73 60 di
771 3745 243 79 legno.
1076 3739 306 76 Quando
1429 3736 302 78 Pasqua-

315 3859 70 60 le
425 3855 191 61 Paoli
641 3853 390 81 acclamato
1045 3846 328 81 generale
1401 3842 122 62 dei
1556 3839 176 64 Còr-

318 3959 61 59 si
435 3974 113 43 era
583 3959 237 55 atteso
884 3950 87 60 da
986 3939 304 88 Napoli,
1354 3946 52 61 il
1452 3941 277 63 fratello

319 4055 369 64 Clemente
728 4052 61 76 si
834 4047 305 82 preparò
1175 4065 84 56 a
1295 4045 357 61 riceverlo
1692 4049 37 51 è

317 4157 151 61 fece
504 4159 300 57 mettere
829 4153 48 58 i
902 4148 185 61 vetri
1091 4141 157 89 alle
1262 4141 315 89 finestre
1604 4160 125 60 per

313 4255 355 79 rendergli
697 4252 131 81 più
857 4250 293 61 comoda
1177 4250 64 58 la
1267 4247 286 61 dimora
1579 4244 148 60 nel-

311 4360 70 59 la
410 4373 151 45 casa
591 4360 317 74 paterna.
947 4350 113 62 Ma
1104 4348 365 79 Pasquale,
1502 4350 223 56 entra-

314 4464 77 56 to
432 4458 183 60 nella
670 4472 132 43 sua
839 4468 295 55 camera,
1176 4446 306 65 rimarcò
1541 4445 185 61 subi-

312 4566 78 56 to
450 4561 159 77 quel
648 4556 522 61 cambiamento
1217 4569 37 41 e
1302 4545 250 83 spezzò
1617 4548 110 59 col

312 4663 296 59 bastone
656 4659 169 60 tutti
874 4657 19 58 i
955 4655 179 63 vetri
1182 4651 309 61 dicendo
1547 4646 178 62 ch'e-

312 4763 101 79 gli
450 4766 292 56 tornava
781 4758 185 59 nella
1004 4771 153 43 casa
1192 4753 67 61 di
1326 4767 134 45 suo
1509 4750 215 78 padre

314 4862 146 62 non
522 4877 208 45 come
764 4876 95 42 un
894 4872 171 65 gran
1104 4855 312 79 signore,
1451 4869 116 43 ma
1613 4866 111 45 co-

312 4981 115 43 me
448 4977 272 65 povero
769 4957 197 81 figlio
1001 4956 111 61 del
1146 4971 232 63 paese.

399 5061 114 65 Un
540 5061 315 80 giovane
898 5076 37 41 e
972 5056 320 62 modesto
1334 5053 416 85 contadino.

311 5165 179 60 della
525 5161 323 79 famiglia
886 5156 377 73 Tommasi,
1308 5161 299 75 parente
1654 5155 66 59 di

313 5251 214 91 Paoli,
551 5262 95 61 mi
687 5261 158 61 fece
909 5264 269 66 entrare
1235 5259 192 59 nella
1465 5255 258 62 storica

311 5382 177 45 casa.
516 5362 218 62 Tutto
765 5376 345 47 conserva
1139 5376 132 43 una
1300 5358 267 85 rustica
1597 5356 121 61 im-

307 5470 286 74 pronta;
662 5479 145 43 una
844 5460 240 80 rapida
1149 5461 184 59 scala
1386 5459 74 61 di
1506 5459 213 78 legno

307 5566 311 61 conduce
644 5565 91 59 ad
762 5581 92 42 un
886 5556 316 68 modesto
1226 5563 496 76 appartamen-

302 5674 109 54 to:
452 5667 55 59 si
545 5665 296 61 vedono
890 5677 259 56 ancora
1182 5663 64 58 la
1300 5663 257 77 tavola
1583 5678 36 41 e
1655 5661 65 59 le

306 5768 322 79 seggiole
652 5767 74 60 di
781 5768 213 76 legno
1033 5762 126 67 che
1196 5768 523 74 appartennero

309 5887 40 41 a
385 5867 235 62 Paoli:
694 5867 73 61 io
807 5866 97 60 mi
935 5864 309 61 ~sentivo
1286 5863 212 61 felice
1537 5863 183 59 nella

306 5970 273 78 piccola
595 5983 284 45 camera
906 5966 70 59 di
1018 5963 361 80 Pasquale,
1409 5945 128 96 più
1565 5962 156 61 feli-

308 6087 80 44 ce
433 6069 125 60 che
610 6070 71 59 in
728 6068 233 77 quella
984 6081 148 75 ove
1162 6081 273 62 nacque
1490 6060 228 81 Napo-

304 6174 227 58 leone.

399 6261 92 71 Mi
562 6270 327 79 figuravo
948 6269 226 76 quella
1209 6268 273 78 grande
1524 6284 37 40 e
1602 6282 119 43 no-

305 6373 140 61 bile
475 6369 227 82 figura
733 6385 247 64 presso
1022 6370 63 59 le
1111 6370 315 60 maschie
1459 6368 261 61 fisono-

306 6473 142 69 mie
484 6472 67 60 di
592 6488 133 45 suo
778 6469 213 80 padre
1042 6478 36 52 é
1139 6471 66 60 di
1245 6487 133 45 suo
1413 6469 300 61 fratello.

307 6572 99 61 Fu
464 6574 115 77 qui
645 6572 135 61 che
820 6573 115 59 nel
1002 6588 188 43 mese
1255 6569 297 80 d'aprile
1609 6569 110 60 del

313 6691 152 63 1725
513 6674 53 59 il
601 6673 272 80 grande
922 6669 333 79 Pasquale
1302 6672 175 61 vide
1506 6673 64 59 la
1620 6673 98 58 lu-

308 6793 102 43 ce.
461 6772 135 62 Sua
626 6767 309 84 madre,
948 6767 325 84 Dionisia
1314 6771 398 75 Valentini,

307 6877 180 60 bella
522 6894 38 40 e
607 6863 186 81 forte
846 6863 220 90 figura
1129 6875 65 59 di
1267 6876 268 69 donna,
1604 6891 115 43 era

305 6981 157 56 nata
522 6992 254 62 presso
830 6976 161 78 quel
1060 6972 480 65 Pontenuovo
1592 6973 125 61 che

308 7078 275 59 doveva
622 7094 242 48 essere
904 7073 145 63 così
1086 7059 279 78 funesto
1399 7080 63 57 al
1492 7074 221 82 figlio.

309 7176 81 73 Il
393 7177 212 78 padre
645 7173 356 81 Giacento
1045 7167 384 86 l'abbiamo
1469 7174 118 84 già
1613 7193 103 43 co-

307 7270 364 71 nosciuto
619 7265 64 95 :
716 7277 389 76 esercitava
1158 7279 63 67 la
1259 7277 458 79 professione

309 7379 69 59 di
414 7378 282 61 medico
729 7377 281 80 quando
1068 7393 131 46 con
1269 7377 336 63 Ceccaldi
1680 7396 38 42 e

1110 10286 41 10 Lit
1161 10284 132 8 a
1304 10285 93 10 2

1232 10527 15 5 _
1296 10531 19 12 >
1367 10531 5 2 e

1130 10520 70 64 Ge

1163 10577 12 8 -

1169 10633 125 9 ——

1770 874 36 25 >

1767 1667 8 24 J

1828 1042 338 62 Giafferri
2224 1041 71 60 fu
2341 1040 367 62 nominato
2753 1038 329 79 generale
3128 1034 113 59 dei

1826 1140 234 63 Còrsi.
2103 1140 136 60 Per
2292 1143 63 57 le
2399 1140 254 78 grandi
2695 1137 190 60 virtù
2922 1135 129 60 che
3098 1134 142 78 egli

1822 1245 231 55 stesso
2092 1240 403 77 possedeva
2550 1253 120 42 era
2708 1238 139 58 ben
2887 1231 234 82 degno
3171 1232 70 59 di

1822 1339 165 59 dare
2025 1359 96 39 un
2151 1341 98 58 tal
2275 1337 198 79 figlio
2520 1337 133 58 alla
2688 1336 251 77 patria.
2985 1331 258 64 Orato-

1821 1450 76 49 re
1937 1439 302 60 distinto
2290 1437 139 79 egli
2494 1454 122 42 era
2654 1432 226 61 anche
2916 1436 171 58 noto
3128 1447 116 45 co-

1819 1557 120 42 me
1966 1543 238 75 poeta.
2260 1535 126 62 Fra
2434 1537 52 59 il
2533 1550 289 45 rumore
2853 1532 181 60 delle
3063 1532 173 59 armi

1823 1641 165 75 quel
2027 1638 218 79 genio
2275 1636 344 80 vigoroso
2647 1642 301 54 trovava
2983 1646 261 46 ancora

1779 1730 10 38 i
1818 1738 217 79 l'agio
2068 1757 38 40 e
2158 1740 64 58 la
2283 1737 182 62 forza
2503 1736 69 61 di
2615 1741 307 55 staccare
2957 1731 287 62 l'anima

1784 1868 7 16 +
1822 1840 184 61 dalle
2045 1837 590 80 preoccupazioni
2661 1835 209 61 d’una
2894 1833 170 60 dura
3094 1849 148 44 rea-

1820 1942 97 56 lta
1962 1956 132 60 per
2139 1936 521 61 abbandonarsi
2700 1932 542 79 all’ispirazione

1821 2038 71 59 di
1933 2054 140 42 una
2104 2036 247 78 poesia
2381 2037 138 57 alta
2559 2051 39 42 e
2634 2032 172 61 fiera
2845 2030 129 61 che
3020 2031 225 60 ricor-

1820 2136 86 60 da
1944 2136 20 60 i
2005 2137 195 58 versi
2270 2135 69 59 di
2378 2132 272 62 Tirteo.
2729 2131 178 61 Ecco
2971 2146 96 43 un
3131 2144 111 45 so-

1820 2241 195 56 netto
2045 2234 133 61 che
2212 2232 335 64 Giacinto
2576 2232 200 62 Paoli
2818 2230 424 62 indirizzava

1820 2340 64 57 al
1938 2337 228 60 bravo
2205 2333 330 63 Giafferri
2577 2332 181 60 sulla
2794 2330 336 80 battaglia
3168 2328 71 60 di

1821 2437 270 81 Borgo:

2191 2603 43 48 A
2253 2600 123 63 don
2406 2599 167 67 Luigi
2600 2596 274 68 Giafferri

2024 2723 47 47 A
2110 2732 228 39 coronar
2362 2719 164 49 l'eroe
2551 2716 71 51 di
2647 2715 165 51 Cirno
2839 2713 198 52 invitto

1936 2807 177 49 Morte
2131 2803 279 61 discenda,
2443 2816 30 36 e
2492 2815 58 38 se
2570 2800 292 65 gl’inchini
2881 2799 42 48 il
2947 2798 132 49 Fato
3102 2812 13 46 ;

2054 2888 43 50 E
2119 2888 19 49 i
2163 2887 197 63 sospiri
2385 2887 88 49 del
2501 2885 209 65 Ligure
2727 2881 259 53 sconfitto

1951 2973 174 50 Diano
2148 2971 110 50 alla
2282 2970 211 50 tromba
2521 2970 146 49 della
2692 2969 164 48 Fame
2880 2965 41 50 il
2947 2965 153 49 fiato.

1978 3056 159 51 Fatto
2165 3068 206 49 appena
2403 3054 59 49 di
2489 3052 136 51 Golo
2659 3053 43 48 il
2730 3051 87 51 bel
2843 3050 244 63 tragitto,

2002 3141 99 50 Del
2123 3140 212 49 nemico
2358 3137 247 64 espugnò
2624 3134 145 52 forte
2783 3136 233 48 steccato
3034 3149 14 43 ;

1926 3224 231 65 Sprezzò
2183 3224 19 48 i
2230 3222 212 64 perigli,
2474 3235 31 36 e
2519 3221 61 49 al
2601 3219 259 64 disugual
2886 3218 252 50 conflitto

1942 3308 167 52 Virtù
2133 3295 250 76 prevalse
2409 3305 141 50 ov'ei
2570 3316 293 52 comparve
2880 3304 226 47 armato.

1907 3393 166 51 Cirno
2103 3395 58 46 lo
2187 3390 189 60 scelse,
2403 3402 30 38 e
2451 3389 37 49 il
2519 3392 103 46 suo
2644 3386 181 52 destin
2846 3386 77 65 gli
2941 3384 201 62 arrise;

1909 3476 43 50 E
1980 3477 40 48 il
2040 3489 134 51 gran
2205 3474 179 64 litigio
2411 3481 30 41 a
2477 3472 91 50 cui
2596 3469 254 65 l'Europa
2879 3470 31 50 è
2936 3472 210 48 attenta

1919 3561 69 50 Al
2021 3573 102 36 suo
2149 3559 207 61 valore,
2381 3557 52 49 al
2472 3554 210 53 brando
2719 3569 100 36 suo
2855 3553 278 51 commise.

1902 3646 43 48 II
1967 3644 209 50 brando
2214 3642 259 71 ch'anche
2498 3639 48 51 il
2573 3640 108 50 fier
2707 3639 181 51 destin
2913 3641 237 63 paventa

2015 3728 326 63 All’ingrata
2360 3725 223 66 Liguria
2609 3725 41 49 il
2684 3723 116 51 crin
2830 3723 205 62 recise
2986 3719 51 76 ;

1894 3812 55 51 E'
1975 3816 26 45 I
2025 3816 207 47 scettro
2257 3825 31 36 a
2316 3810 160 51 Cirno
2509 3811 55 49 la
2583 3822 102 38 sua
2722 3821 126 37 man
2873 3809 275 61 presenta.

1782 4042 6 6 —
1894 3957 197 72 Tutti
2139 3967 230 78 questi
2407 3964 281 64 uomini
2733 3978 169 47 sono
2971 3962 151 61 eroi
3161 3960 70 62 di

1815 4068 352 82 Plutarco,
2204 4066 216 61 simili
2461 4066 88 59 ad
2586 4063 444 72 Aristide,ad
3051 4061 185 78 Epa-

1807 4154 343 74 minonda
2187 4183 38 42 e
2264 4184 38 42 a
2340 4165 448 62 Timoleone.
2827 4161 149 69 Essi
3014 4177 218 45 erano

1809 4268 337 62 cresciuti
2180 4264 412 64 nell'azione
2624 4283 37 40 e
2688 4278 148 46 non
2867 4263 186 59 nelle
3084 4269 147 54 teo-

1806 4370 140 72 rie;
2011 4368 188 68 l'alta
2228 4365 272 64 nobiltà
2525 4366 117 61 dei
2694 4366 157 61 loro
2890 4361 339 81 principii

1808 4487 228 43 aveva
2095 4486 131 62 per
2255 4467 464 63 fondamento
2770 4463 459 81 l'esperienza

1807 4570 113 61 dei
1960 4569 181 62 fatti.

1893 4670 119 63 Ho
2040 4667 425 66 sott'occhio
2505 4687 95 67 un
2624 4669 277 61 ritratto
2952 4666 69 61 di
3055 4666 177 62 Pao-

1805 4765 89 81 li;
1938 4781 149 53 non
2116 4780 263 71 potevo
2408 4771 695 80 rappresentarmelo
3134 4770 98 60 al-

1806 4875 354 60 trimenti.
2210 4872 86 62 La
2321 4868 244 75 testa
2510 4864 72 85 è
2605 4871 184 63 forte
2827 4888 37 42 e
2899 4870 208 72 bella,
3165 4870 65 59 la

1805 4973 236 90 fronte
2082 4975 164 76 alta,
2276 4976 64 58 la
2395 4973 465 81 capigliatura
2907 4971 317 79 copiosa.

1806 5076 92 62 Le
1926 5076 475 79 sopracciglia
2438 5074 212 73 folte,
2679 5091 96 43 un
2832 5071 112 80 po’
2974 5071 255 62 caden-

1805 5180 52 59 ti
1906 5177 188 81 sugli
2137 5175 227 74 occhi,
2432 5176 386 78 sembrano
2877 5177 258 75 pronte
3191 5189 38 43 a

1803 5278 460 79 raccogliersi
2314 5270 72 67 in
2432 5284 143 54 una
2637 5275 455 80 espressione
3154 5274 66 61 di

1801 5481 209 74 zurri,
2044 5479 491 63 rischiarando
2571 5481 51 60 il
2672 5479 165 60 viso
2874 5477 348 75 imberbe,

1802 5583 96 80 gli
1944 5578 238 64 danno
2254 5599 131 42 una
2442 5580 455 80 espressione
2962 5577 69 62 di
3074 5578 138 61 dol.

1804 5700 195 44 cezza
2036 5701 39 41 e
2107 5683 69 60 di
2213 5680 298 63 nobiltà.

1889 5783 91 62 La
2008 5788 183 57 testa
2234 5784 68 59 di
2335 5782 198 65 Paoli
2571 5781 92 63 ha
2720 5798 138 44 una
2915 5782 308 82 spiccata

1804 5885 463 79 somiglianza
2303 5900 134 45 con
2476 5886 240 77 quella
2775 5864 445 89 dell'Alfieri,

1803 5986 319 60 sebbene
2169 5986 230 75 questi
2455 5985 223 81 fosse,
2712 5999 201 45 come
2953 5980 267 81 Byron,

1802 6103 95 43 un
1928 6086 488 61 aristocratico
2448 6070 524 95 orgogliosoed
2993 6084 230 78 egois-

1800 6193 71 55 ta
1908 6186 132 62 che
2081 6184 360 63 dev'esser
2487 6188 352 67 collocato
2903 6186 219 61 molto
3158 6184 61 59 al

1799 6390 73 72 li,
1917 6389 116 60 del
2069 6390 267 79 grande
2379 6383 348 69 cittadino
2789 6389 67 60 la
2893 6388 111 60 cui
3073 6387 151 60 ani-

1799 6507 116 43 ma
1972 6506 255 45 serena
2270 6490 379 73 riboccava
2722 6486 310 64 d'amore
3089 6505 136 62 per

1798 6588 394 65 l'umanità...
2342 6590 329 63 L'Alfieri...
2824 6590 400 78 possedeva

1801 6691 564 62 un'ammirabile
2405 6673 315 100 energia,
2753 6692 52 60 il
2840 6707 128 70 suo
3007 6707 215 45 cuore

1798 6794 267 61 ardeva
2136 6793 237 63 d'odio
2446 6794 242 63 feroce
2780 6798 248 57 contro
3123 6792 98 80 gl

1800 6896 418 80 oppressori
2259 6897 86 60 ed
2382 6914 117 43 era
2536 6894 275 81 quindi,
2863 6897 180 58 assai
3100 6893 124 79 più

1801 6996 71 61 di
1912 6994 344 64 Federico
2295 6999 49 58 il
2377 6995 316 74 Grande,
2740 6998 74 60 in
2867 6997 355 62 condizio-

1800 7098 72 60 ni
1936 7098 70 60 di
2055 7098 518 77 comprendere
2623 7099 51 60 il
2739 7103 341 56 carattere
3150 7098 71 60 di

1803 7195 224 65 Paoli.

1886 7298 378 63 Frederico
2300 7288 213 75 inviò
2540 7319 97 42 un
2682 7299 254 81 giorno
2974 7317 36 42 a
3042 7298 179 65 Pao-

1797 7402 76 73 li,
1941 7404 76 57 in
2084 7406 248 73 questa
2368 7407 224 56 stessa
2656 7418 158 44 casa
2869 7400 188 63 dove
3122 7402 96 61 mi

2457 9193 3 3 se
2392 9036 89 83 PR
2417 8856 56 170 CH
2392 8754 89 46 nc
2422 8712 39 44 dà

2471 9174 15 45 ER
2454 8986 42 32 RI
2466 8926 18 1 u
2465 8622 20 195 FRÈRE

2486 9162 50 44 K
2466 9072 68 71 SÒ
2472 8844 46 107 SD:
2489 8600 39 101 N

2536 9147 19 16 N
2539 9083 9 7 N
2525 9012 30 20 le
2518 8862 29 65 N
2528 8679 16 24 a"
2518 8542 33 44 SU

2550 9030 16 32 ne"
2556 8964 16 18 i»
2563 8650 12 40 Ùn
2552 8557 13 18 LA

2584 9077 30 68 DU
2612 9035 5 3 i
2594 8796 23 17 à
2589 8719 32 38 Ll
2579 8631 38 54 ns

2619 8785 36 66 ANR
2616 8637 16 38 à:

2507 9345 73 37 à

2491 9440 28 10 di

2527 9467 17 7 U

2545 9468 23 10 W

2543 9450 30 13 RI

2467 9473 133 182 SAN

2427 9805 22 26 (a
2435 9685 16 52 ANSE

2447 9625 22 90 ME

2475 9781 7 7 à
2473 9616 10 14 vV

2487 9806 8 13 -

2489 9755 19 14 Vi

2520 9750 10 8 ,
2514 9625 10 11 D

2534 9711 10 4 D
2532 9615 13 27 UCI

2549 9632 24 85 "UP

2591 9718 13 19 i)

2079 10258 48 7 P~
2135 10258 72 7 ET
2279 10246 29 28 CE
2317 10251 200 13 COOL

2181 10270 47 29 crut.
2227 10270 59 29 ini
2288 10280 79 11 ni
2418 10273 91 17 a

1184 10530 111 69 PIET
1450 10529 191 70 ALT
1747 10526 306 70 TT

1009 10638 156 40 PATATE
1255 10618 65 47 pì
1431 10653 16 11 5
1482 10598 109 65 CA
1819 10606 17 32 2
1908 10604 27 42 di
1971 10617 30 44 fia

1628 10739 99 11 —
1748 10744 25 4 —

887 10782 185 103 AD
1070 10779 257 92 errel&

1832 10819 22 6 sr
1865 10821 129 10 —-

1277 10923 477 86 Pasquale
1814 10928 153 72 de’
2010 10928 257 73 Paoli

1229 11037 349 79 (Stampa
1601 11041 386 78 populare
2023 11042 321 84 taliana)

1806 5382 284 72 collera,
2157 5384 274 55 mentre
2492 5379 21 61 i
2569 5376 256 82 grandi
2877 5374 199 63 occhi
3122 5393 132 42 az-.

1802 6290 270 60 disotto
2104 6287 116 61 del
2245 6304 127 45 suo
2403 6293 608 72 contemporaneo
3044 6283 202 64 Pao--

3294 320 6 68 |

3332 372 234 66 trovo,
3596 385 140 42 una
3768 368 224 78 spada
4028 362 286 61 d'onore
4345 357 178 58 sulla
4553 353 206 77 quale

3330 482 216 43 erano
3612 466 252 73 incise,
3953 465 239 77 queste
4258 456 138 60 due
4469 452 285 78 parole:

3327 563 301 61 Libertà
3665 585 37 36 e
3738 566 304 62 Patria.

3417 663 192 59 Paoli
3637 682 233 43 aveva
3912 664 285 61 l'amore
4253 654 114 60 dei
4419 649 161 62 libri
4573 644 64 96 e
4692 648 64 59 la

3328 779 124 42 sua
3532 763 396 63 biblioteca
4014 775 114 45 era
4197 748 553 65 accuratissima.

3330 859 128 60 Era
3487 861 261 61 inoltre
3789 866 254 60 dotato
4074 856 64 61 di
4174 849 413 65 felicissima
4610 863 145 42 me-

3326 961 265 70 moria;
3635 980 92 40 un
3777 960 308 65 vecchio
4126 956 91 60 mi
4259 945 340 66 raccontò
4623 943 131 61 che

3323 1062 189 57 nella
3541 1077 122 42 sua
3725 1062 311 61 infanzia
4073 1068 300 67 passava
4414 1066 91 42 un
4559 1045 196 80 gior-

3327 1177 93 43 no
3468 1176 127 62 per
3653 1162 68 58 la
3761 1164 122 59 via
3943 1175 133 46 con
4125 1173 90 42 un
4271 1165 131 46 suo
4466 1162 290 62 compa-

3324 1275 144 66 gno
3507 1259 68 59 di
3647 1264 249 58 scuola
3934 1252 372 83 ripetendo
4382 1267 91 41 un
4538 1260 213 67 passo

3326 1360 70 59 di
3431 1356 361 82 Virgilio;
3870 1358 196 64 Paoli
4107 1351 231 63 ch'era
4405 1367 128 61 per
4562 1363 190 43 com-

3324 1457 370 61 binazione
3716 1460 243 61 dietro
3989 1456 67 60 di
4091 1456 180 67 loro,
4315 1451 72 61 lo
4425 1442 209 67 toccò
4671 1461 83 42 su

3320 1539 76 78 di
3437 1575 138 42 una
3620 1561 226 75 spalla
3908 1578 38 41 e
3995 1548 339 69 cuntinuò
4398 1550 63 59 la
4501 1544 253 63 recita-

3323 1657 202 62 zione
3565 1656 66 60 di
3671 1675 99 43 un
3809 1661 225 77 lungo
4064 1655 243 60 brano.

3438 1757 115 63 Un
3587 1775 172 62 gran
3835 1771 299 48 numero
4208 1752 72 60 di
4345 1744 403 84 particulari

3326 1859 182 61 della
3544 1862 147 59 vita
3748 1859 79 59 di
3885 1856 194 63 Paoli
4142 1865 309 50 corrono
4490 1860 261 46 ancora

3325 1961 178 57 sulle
3540 1959 241 60 labbra
3816 1957 124 59 del
3976 1950 287 81 popolo.
4298 1948 295 59 Vivono
4615 1946 132 57 tut-

3322 2064 155 55 tora
3520 2059 108 61 dei
3667 2053 262 63 vecchi
3969 2051 129 61 che
4166 2045 380 64 ricordano
4611 2039 138 61 d'a-

3325 2161 204 60 verlo
3598 2158 276 60 veduto
3882 2134 510 102 passeggiare
4426 2134 224 102 sotto
4724 2138 20 61 1

3323 2261 311 78 castagni
3662 2255 277 61 vestito
3980 2249 353 64 coll'abito
4398 2243 221 61 verde
4658 2240 91 62 ri-

3325 2366 274 56 camato
3627 2356 229 72 d'oro,
3894 2352 220 62 colori
4170 2345 349 65 nazionali
4562 2343 186 61 della

3327 2456 311 75 Corsica,
3684 2474 39 43 e
3763 2454 122 61 del
3910 2468 128 45 suo
4075 2451 172 80 gilet
4310 2449 72 61 di
4422 2450 151 58 seta
4626 2461 122 43 ne-

3323 2578 101 43 ra.
3479 2561 308 78 Appena
3828 2553 146 80 egli
4014 2553 245 60 usciva
4299 2549 72 61 di
4424 2563 159 45 casa
4630 2561 117 46 era

3325 2659 408 63 circondato
3765 2655 92 60 da
3897 2670 138 45 una
4072 2648 321 83 quantità
4454 2648 72 60 di
4576 2661 173 47 con-
4739 2644 47 92 |

3321 2761 223 62 tadini
3585 2757 129 63 che
3750 2758 76 59 lo
3853 2758 398 57 trattavano
4291 2766 135 46 con
4461 2751 69 59 la
4562 2765 186 45 mas-

3324 2862 177 60 sima
3553 2852 485 85 famigliarità:
4096 2852 125 63 Era
4260 2851 284 62 affabile
4609 2865 137 46 con

3319 2964 166 60 tutti
3515 2981 15 53 ;
3562 2958 384 64 ricordava
3982 2970 245 65 spesso
4260 2956 265 78 quanto
4556 2950 226 65 dovè
4733 2946 47 93 '

3321 3064 596 78 rimproverare.a
3946 3056 76 62 sè
4049 3061 228 58 stesso
4308 3053 438 76 d'esser,una

3322 3165 220 71 volta,
3613 3163 307 60 rimasto
3994 3175 125 62 per
4198 3155 246 64 un'ora
4517 3157 229 60 intera

3321 3264 251 62 chiuso
3622 3263 191 60 nella
3891 3259 279 80 propria
4244 3276 303 45 camera.
4617 3255 130 63 Era

3318 3363 269 82 l'epoca
3635 3364 79 61 in
3763 3362 120 62 cui
3925 3361 59 60 si
4049 3361 451 62 combatteva
4535 3355 210 64 l'ulti-

3318 3483 117 45 ma
3461 3482 251 64 guerra
3750 3480 138 63 per
3922 3465 64 58 la
4019 3459 254 66 libertà
4306 3480 15 43 :
4352 3458 391 64 trovando-

3319 3566 61 60 si
3441 3585 37 42 a
3544 3561 366 67 Sollacarò
3975 3562 294 64 affranto
4307 3563 182 60 dalla
4545 3564 198 57 stan-

3297 3668 284 86 chezza,
3616 3684 238 43 aveva
3893 3664 163 64 dato
4095 3664 250 64 ordine
4387 3663 131 60 alla
4536 3677 205 64 guar-

3316 3771 119 61 dia
3469 3785 145 47 non
3649 3768 570 78 lasciar:passare
4258 3761 483 66 nessuno.Po-

3317 3888 85 46 co
3442 3871 183 80 dopo
3662 3861 255 94 giunse
3932 3870 149 73 alla
4101 3872 205 75 porta
4331 3883 141 44 una
4501 3865 241 61 donna

3314 3974 263 61 vestita
3611 3990 39 43 a
3687 3973 214 70 lutto,
3928 3970 269 80 seguita
4227 3968 85 62 da
4366 3985 94 43 un
4491 3968 243 79 giova-

3314 4092 94 42 ne
3437 4077 292 66 armato,
3759 4073 72 60 la
3879 4072 202 78 quale
4135 4067 242 86 chiese
4416 4069 69 58 di
4513 4070 254 75 parla-.

3313 4193 79 42 re
3462 4176 64 57 al
3557 4175 369 76 generale,
3959 4187 113 45 ma
4132 4170 62 60 la
4261 4167 375 62 sentinella
4676 4168 63 60 la

3313 4274 347 79 respinse.
3748 4271 451 65 Richiamato
4267 4270 115 61 dal
4448 4283 290 48 rumore

3313 4374 131 63 che
3497 4375 57 60 si
3597 4373 255 64 faceva
3926 4373 178 61 nella
4143 4388 280 54 camera
4467 4369 264 74 vicina,

3314 4476 196 61 Paoli
3558 4473 151 81 aprì
3738 4477 67 60 la
3847 4479 202 77 porta
4077 4491 38 41 e
4151 4469 361 93 domandò
4543 4471 195 61 brus.

3313 4581 320 59 camente
3673 4578 136 59 alla
3851 4577 236 61 donna
4120 4574 132 61 che
4293 4591 164 45 cosa
4498 4575 241 61 voles-

3312 4696 77 43 se
3425 4700 13 36 :
3501 4674 391 82 «Signore,
3932 4677 93 80 gli
4055 4676 286 79 rispose
4384 4678 62 59 la
4497 4675 236 62 donna

3313 4796 135 45 con
3489 4796 133 43 una
3656 4778 287 81 gravità
4004 4778 204 78 piena
4263 4777 70 60 di
4390 4778 339 77 tristezza,

3312 4896 179 46 sono
3531 4880 243 61 madre
3851 4867 73 75 di
3990 4880 131 60 due
4160 4867 354 88 figliuoli:
4588 4894 145 46 uno

3311 4982 39 61 è
3390 4987 181 57 stato
3597 4982 249 62 ucciso
3890 4982 128 60 alla
4061 4985 191 57 torre
4290 4980 183 61 della
4519 4976 216 78 Giro-

3307 5085 161 70 lata,
3536 5081 230 62 l'altro
3836 5084 244 60 eccolo
4144 5081 122 79 qui
4323 5082 288 62 davanti

3309 5184 165 61 voi:
3534 5181 232 64 l'offro
3834 5186 134 60 alla
3996 5183 244 80 patria,
4269 5180 352 82 prenderà
4686 5183 48 61 il

3306 5291 212 73 posto
3565 5286 115 61 del
3718 5284 286 65 fratello
4066 5285 332 62 caduto».
4456 5284 133 70 Poi
4646 5284 88 61 ri-

3305 5388 433 79 volgendosi
3772 5390 69 60 al
3895 5386 463 81 giovanotto
4320 5381 32 92 :
4426 5405 41 42 «
4497 5385 231 82 Figlio

3307 5490 171 73 mio,
3509 5489 94 80 gli
3638 5489 225 75 disse,
3899 5505 142 45 non
4089 5473 464 79 dimenticare
4594 5488 131 62 che

3308 5592 227 78 prima
3597 5583 543 88 d'appartenere
4192 5608 40 43 a
4314 5596 120 56 tua
4488 5591 244 62 madre

3308 5692 401 80 appartieni
3749 5695 145 59 alla
3922 5695 303 77 patria».
4300 5691 52 62 È
4404 5694 57 59 si
4511 5696 224 58 allon-

3306 5792 190 63 tanò.
3537 5793 197 62 Paoli
3776 5793 199 63 restò
4012 5812 125 60 per
4179 5813 98 40 un
4308 5795 259 60 istante
4615 5811 120 46 co-

3305 5911 117 43 me
3472 5899 445 76 trasognato,
3950 5895 141 81 poi
4135 5896 384 77 raggiunse
4582 5912 150 47 cor-

3304 5995 224 61 rendo
3557 5996 61 57 la
3640 5992 696 74 donna,l'abbracciò
4370 6011 134 44 con
4534 6013 199 44 emo-

3302 6095 206 61 zione
3547 6112 36 42 e
3604 6097 74 58 la
3698 6092 345 82 presentò
4026 6088 76 91 a
4086 6095 165 77 gli
4281 6095 283 62 ufficiali
4601 6097 129 61 che

3301 6197 103 79 gli
3443 6202 297 56 stavano
3741 6185 353 97 attorno.
4116 6194 366 81 Ripeteva
4530 6193 201 85 spes-

3305 6313 82 45 so
3427 6296 130 73 che
3626 6313 164 56 non
3843 6296 178 61 s'èra
4074 6299 139 68 mai
4273 6301 270 61 sentito
4591 6306 140 56 tur-

3304 6399 165 61 bato
3510 6414 202 46 come
3752 6399 290 61 davanti
4084 6418 36 40 a
4163 6402 236 75 quella
4441 6419 291 64 magna-

3305 6501 192 59 nima
3541 6500 268 76 donna.

3394 6599 194 63 Paoli
3630 6617 146 45 non
3821 6599 483 83 s'ammugliò:
4354 6605 49 59 il
4440 6621 132 45 suo
4600 6622 131 62 po-

3305 6704 164 76 polo
3512 6720 113 42 era
3695 6704 62 60 la
3804 6720 128 44 sua
3972 6701 337 83 famiglia.
4367 6704 188 62 Ebbe
4593 6725 140 43 una

3305 6804 151 66 sola
3521 6804 275 78 nipote,
3870 6803 188 81 figlia
4123 6805 67 61 di
4261 6824 129 45 suo
4449 6807 282 63 fratello

3279 6900 423 76 Clemente,
3771 6906 138 59 che
3973 6906 185 61 dette
4212 6908 76 61 in
4347 6911 271 78 moglie
4670 6912 62 59 al

3306 7003 206 63 còrso
3545 7002 395 84 Barbaggi:
3975 6989 141 97 egli
4155 7007 203 79 però,
4400 7009 131 63 che
4568 7021 165 51 sen-

3302 7106 150 60 tiva
3482 7106 73 59 in
3584 7108 225 61 modo
3845 7105 150 64 così
4026 7107 330 77 delicato,
4398 7127 146 47 non
4611 7113 126 61 do-

3305 7223 185 45 veva
3529 7224 194 44 esser
3744 7209 421 60 insensibile
4197 7210 532 64 all’amore.Nu-

3300 7305 95 63 tri
3451 7324 133 43 una
3655 7313 255 58 tenera
3980 7308 343 65 affezione
4392 7332 133 60 per
4594 7333 138 44 una

3302 7408 242 61 donna
3571 7408 216 64 d'alto
3830 7412 263 61 sentire
4122 7429 38 43 e
4185 7415 297 62 ardente
4508 7417 68 60 di
4610 7436 121 60 pa-

3300 7510 416 75 triottismo,
3806 7514 135 60 alla
4013 7515 202 76 quale
4287 7516 100 80 gli
4449 7520 277 60 uomini

3301 7608 124 80 più
3452 7611 530 65 considerevoli
4037 7613 348 67 dell'isola
4435 7620 294 61 veniva-

3300 7727 96 46 no
3434 7728 38 42 a
3512 7711 364 64 confidare
3903 7716 66 59 le
4002 7717 152 61 loro
4196 7720 345 81 congiure
4586 7739 39 41 e
4663 7725 63 59 le

3297 7817 159 60 loro
3493 7814 465 78 patriottiche
3980 7818 454 78 -aspirazioni.
4495 7821 233 77 Ques-

3297 7914 71 54 ta
3398 7908 198 60 dama
3628 7904 211 64 còrsa
3867 7925 144 44 non
4027 7927 226 46 aveva
4288 7917 286 73 salotto,
4611 7936 117 43 era

3301 8026 133 42 una
3481 8024 306 45 monaca
3828 8010 224 77 uscita
4110 8013 183 61 dalla
4348 8016 242 61 nobile
4632 8016 98 61 fa-

3298 8111 245 79 miglia
3595 8111 118 59 dei
3799 8107 360 66 Rivarola.
4216 8113 129 64 Un
4375 8118 155 59 solo
4582 8122 145 56 atto

3298 8213 61 59 ci
3394 8209 348 65 mostrerà
3811 8214 164 77 qual
4029 8218 199 73 parte
4283 8218 224 60 attiva
4571 8235 156 44 essa

3296 8313 388 77 prendesse
3734 8315 143 60 alle
3926 8314 172 61 lotte
4125 8333 131 61 per
4319 8320 63 59 la
4418 8317 306 77 libertà;

3297 8414 188 79 dopo
3555 8413 283 65 l’ardita
3899 8417 370 77 conquista
4336 8420 182 61 della
4602 8419 127 64 Ca-

3295 8517 219 77 praia,
3559 8516 374 81 compiuta
3970 8516 84 61 da
4098 8518 287 65 Achille
4435 8520 289 76 Murati,

3297 8633 155 43 essa
3501 8635 89 41 ne
3654 8616 242 81 provò
3940 8620 96 59 tal
4096 8620 191 79 gioia
4344 8622 128 62 che
4516 8615 213 70 ‘volle

3297 8720 259 86 recarsi
3619 8720 77 59 in
3772 8708 394 91 quell'isola
4215 8742 36 42 a
4325 8726 402 77 prenderne

3296 8836 336 60 possesso
3672 8821 77 61 in
3774 8837 217 46 nome
4021 8822 69 61 di
4138 8822 226 65 Paoli.
4430 8823 60 65 Il
4511 8843 216 64 gene-

3297 8923 143 59 rale
3479 8924 65 59 le
3580 8920 358 68 indirizzò.
3955 8939 167 63 gran
4153 8943 308 47 numero
4501 8928 68 61 di
4600 8931 128 61 let-

3296 9027 151 54 tere
3489 9028 429 73 puramente
3955 9027 366 75 politiche.

3385 9138 135 63 Per
3554 9140 165 64 farsi
3778 9133 283 71 un'idea
4092 9146 182 61 della
4315 9148 269 80 grande
4627 9156 99 55 at-

3296 9238 209 64 tività
3547 9242 68 61 di
3659 9243 209 61 Paoli
3907 9242 194 64 basta
4161 9249 293 80 leggere
4490 9252 74 59 lu
4602 9269 123 43 sua

3300 9344 622 78 corrispondenza.
3964 9344 90 61 Le
4083 9349 254 62 lettere
4413 9349 125 81 più
4596 9353 132 61 im-

3298 9444 309 73 portanti
3640 9444 266 60 furono
3936 9445 258 65 riunite
4231 9453 71 57 in
4344 9469 93 40 un
4466 9453 257 76 gròsso

3298 9542 288 62 volume
3627 9545 87 60 da
3744 9543 259 64 Nicolò
4040 9546 472 66 Tommaseo:
4567 9570 158 44 esse

3300 9641 317 63 rivelano
3641 9661 149 46 uno
3833 9645 249 77 spirito
4117 9648 187 64 forte
4344 9651 87 61 ed
4467 9653 258 60 illumi-

3301 9747 190 55 nato.
3525 9742 350 83 Pasquale
3923 9762 138 45 non
4101 9753 331 59 scriveva
4478 9754 250 59 volen-

3301 9842 157 59 tieri
3494 9844 66 58 di
3588 9863 128 43 sua
3747 9863 240 58 mano,
4036 9847 289 65 dettava
4354 9868 205 45 come
4589 9851 141 63 Na-

3301 9942 332 76 poleone.
3678 9944 219 64 Stava
3933 9960 396 53 raramente
4367 9952 281 73 seduto,
4679 9956 50 60 il

3303 10055 128 42 suo
3471 10044 253 72 spirito
3769 10043 383 78 irréquieto
4223 10066 143 45 non
4429 10053 97 72 gli
4584 10055 146 56 las-

3304 10136 320 61 ciavaun
3665 10148 375 57 momento
4080 10144 64 58 di
4203 10152 270 74 tregua.

3391 10249 89 60 La
3519 10263 357 58 memoria
3897 10259 69 59 di
3998 10256 197 63 Paoli
4228 10261 37 59 è
4314 10280 197 43 sacra
4537 10282 196 60 pres-

3308 10362 79 44 so
3416 10349 55 59 Il
3507 10367 128 45 suo
3689 10360 302 75 popolo.
4044 10353 357 68 Sentendo
4457 10367 275 73 parlare

3306 10446 74 58 di
3414 10444 432 81 Napoleone
3892 10457 52 59 il
3982 10469 212 46 cuore
4259 10459 114 61 dei
4407 10459 215 63 Còrsi
4673 10466 60 58 si

3310 10544 236 74 gonfia
3572 10548 72 59 di
3678 10554 479 78 orgoglio,ma
4203 10560 351 60 sentendo
4580 10578 161 60 par-

3311 10641 142 59 lare
3494 10644 66 58 di
3596 10645 205 67 Paoli
3843 10656 49 57 il
3929 10653 154 59 loro
4116 10655 169 62 viso
4325 10655 406 78 s'illumina,

3311 10756 199 44 come
3570 10753 251 69 quello
3877 10749 163 64 d'un
4083 10750 200 81 figlio
4330 10757 63 60 al
4444 10758 290 62 ricordo

3312 10838 113 61 del
3442 10847 291 79 grande
3789 10866 41 42 e
3866 10850 242 61 nobile
4141 10855 225 75 padre
4402 10857 331 78 perduto.

3315 10937 536 83 E'impossibile
3917 10946 130 64 che
4113 10953 369 64 un'uomo.
4544 10957 195 80 dopo

3316 11041 70 60 la
3417 11050 258 70 morte,
3724 11065 224 62 possa
3975 11039 304 89 ispirare
4336 11057 37 59 à
4427 11062 186 57 tutto
4648 11078 91 44 un

4697 5099 61 56 a,

4839 348 270 77 popolo
5141 342 125 77 più
5308 354 238 45 amore
5596 355 38 40 e
5673 323 467 69 venerazione
6183 312 71 64 di

4843 442 344 79 Pasquale
5212 437 216 69 Paoli,
5467 451 38 41 e
5545 451 76 42 se
5649 435 65 57 la
5752 427 230 80 gloria
6018 420 236 79 postu-

4840 562 109 43 ma
5015 541 38 60 è
5102 555 205 45 come
5335 551 133 44 una
5509 529 311 64 seconda
5884 524 364 61 esistenza,

4839 638 466 82 quest'uomo,
5341 635 48 60 il
5419 631 121 79 più
5569 626 273 82 grande
5881 622 180 59 della
6081 608 173 92 Cor-

4837 744 143 58 sica
5020 758 37 40 e
5099 735 272 62 d'Italia
5420 732 119 59 nel
5585 727 242 60 secolo
5894 715 275 72 XVIII,
6214 710 37 61 è

4836 841 195 62 mille
5061 838 200 60 volte
5285 833 332 60 vivente:
5683 823 140 80 egli
5854 820 232 60 rivive
6135 812 116 61 nel

4836 956 210 46 cuore
5089 937 70 61 di
5199 933 158 62 tutti
5398 930 20 60 i
5471 925 234 73 Còrsi,
5750 921 130 61 che
5929 922 70 56 lo
6065 913 186 62 chia-

4831 1056 212 48 mano
5084 1036 246 76 Padre
5355 1027 200 66 della
5592 1020 289 67 Patria.

4915 1140 201 63 Paoli
5148 1139 224 61 forma
5414 1150 92 42 un
5551 1130 117 61 bel
5718 1123 356 62 contrasto
6114 1129 134 43 con

4832 1243 455 79 Napoleone:
5359 1237 66 58 la
5482 1223 405 79 filantropia
5950 1208 298 91 opposta

4835 1342 467 79 all'egoismo,
5353 1334 116 60 Ad
5502 1348 93 42 un
5628 1340 228 51 cenno
5899 1321 66 60 di
6013 1309 238 89 Napo-

4831 1446 208 59 leone
5069 1436 283 64 milioni
5382 1428 344 64 d'uomnii
5755 1423 357 61 venivano
6144 1429 104 44 sa-

4833 1541 293 63 crificati
5169 1553 127 63 per
5329 1535 63 59 la
5429 1548 126 46 sua
5612 1526 224 83 gloria
5893 1539 39 42 e
5979 1520 64 60 la
6082 1529 167 47 con-

4834 1644 271 79 quista;
5150 1655 115 45 ma
5300 1636 51 60 il
5393 1649 268 61 sangue
5701 1626 130 61 che
5868 1622 151 60 fece
6058 1630 191 64 spar-

4832 1746 150 78 gire
5013 1739 200 63 Paoli
5257 1737 69 62 fu
5365 1748 282 64 sempre
5686 1721 388 68 sacrificato
6114 1715 129 60 alla

4833 1861 207 47 causa
5093 1842 183 61 della
5317 1830 358 76 libertà,
5613 1816 82 98 .e
5713 1840 263 48 nessun
6011 1820 233 62 morto

4830 1944 199 61 s'alza
5069 1941 231 60 dietro
5337 1954 36 40 a
5410 1934 98 59 lui
5552 1946 130 62 per
5725 1922 363 63 maledire.

4911 2041 62 61 Il
5008 2021 287 79 ricordo
5335 2033 66 61 di
5444 2029 200 63 Paoli
5710 2043 144 43 non
5834 2008 72 107 è
5971 2018 270 63 illustre

4828 2159 125 63 per
4987 2137 378 82 battaglie;
5387 2136 68 60 la
5492 2130 240 63 scuola
5754 2127 86 61 da
5872 2123 101 63 lui
6002 2112 239 69 fonda-

4826 2249 68 57 ta
4967 2242 123 80 qui
5142 2258 39 43 a
5240 2234 413 80 Morasiglia
5723 2220 419 70 basterebbe
6206 2235 38 43 a

4829 2344 184 82 dagli
5048 2359 143 46 una
5219 2337 223 83 gloria
5479 2333 125 83 più
5641 2333 183 62 bella
5877 2328 70 60 di
6013 2323 230 80 quella

4829 2448 67 63 di
4930 2445 349 81 Marengo
5310 2458 36 43 e
5379 2439 187 61 delle
5614 2430 368 66 Piramidi.

5624 2563 527 81 Gregorovius.

4875 2755 1316 59 —_P_—xxo_fo——_—_—__—__6

4963 2921 349 108 Lettara
5363 2912 89 110 di
5502 2907 611 137 l'Imperatrice

4876 3099 404 108 Caterina
5331 3091 87 109 di
5474 3090 312 108 Russia
5832 3122 60 69 a
5948 3080 243 110 Paoli

4959 3380 249 55 Caterina
5227 3378 56 52 di
5307 3376 191 51 Russia
5517 3392 34 34 a
5567 3374 266 67 Pasquate
5860 3365 163 54 Paoli

5088 3569 276 52 Monsieur
5387 3567 55 51 le
5468 3564 229 53 Général
5725 3564 68 50 de
5814 3560 171 60 Paoli,

5159 3674 49 48 A
5235 3669 556 63 Saint-Pétersbourg,
5820 3665 66 50 27
5915 3663 137 52 avril
6081 3658 151 54 1770.

4883 3847 105 52 J'ai
5011 3860 134 46 recu
5190 3847 154 49 votre
5369 3843 165 51 lettre
5577 3841 67 51 de
5679 3838 241 51 Londres
5947 3836 73 49 du
6068 3831 66 54 15
6161 3832 77 51 fé-

4820 3934 166 50 vrier.
5016 3933 146 50 Tout
5180 3919 62 63 cè
5259 3943 104 51 que
5397 3928 53 51 le
5487 3929 179 49 comte
5690 3924 189 52 Alexis
5900 3920 172 54 Orloff
6097 3934 140 36 vous

4819 4033 31 34 a
4884 4019 101 49 fait
5002 4018 189 50 savoir
5216 4018 94 47 des
5337 4027 116 38 mes
5480 4014 211 48 bonnes
5717 4010 304 50 intentions
6037 4007 200 51 envers

4819 4115 157 46 vous,
5005 4099 300 61 Monsieur,
5345 4098 86 49 est
5454 4109 112 36 une
5593 4094 146 49 suite
5784 4094 98 48 des
5912 4090 325 50 sentiments

4820 4199 104 50 que
4952 4183 174 49 m'ont
5148 4167 235 86 inspirés
5389 4181 176 48 votre
5583 4177 278 65 grandeur
5895 4173 174 50 d'âme
6090 4173 64 50 et
6182 4171 55 49 la

4819 4261 153 69 facon
4994 4265 304 66 généreuse
5323 4265 132 49 dont
5474 4276 142 38 vous
5660 4274 133 37 avez
5815 4257 237 53 défendu
6077 4258 160 50 vôtre

4817 4356 189 62 patrie.
5048 4352 76 52 Le
5150 4351 162 52 détail
5349 4352 84 49 de.
5453 4350 159 49 votre
5639 4346 184 66 séjour
5846 4347 34 48 à
5905 4344 124 51 Pise
6075 4344 163 49 m'est

4831 4453 198 37 connu.
5083 4425 21 79 LU
5175 4437 262 63 contient,
5493 4436 158 49 entre
5711 4433 210 62 autres,
6001 4429 235 51 l'estime

4817 4527 64 49 de
4895 4528 126 47 tous
5052 4538 141 38 ceux
5221 4523 94 64 qui
5332 4525 97 47 ont
5449 4534 70 38 eu
5538 4511 288 58 l'occasion
5863 4516 68 50 de
5951 4527 139 39 vous
6109 4527 127 37 con-

4817 4612 192 50 naître.
5042 4609 153 51 Telle
5228 4610 86 50 est
5350 4608 55 49 la
5425 4606 370 62 récompense
5846 4603 68 49 de
5963 4601 55 49 la
6047 4602 183 58 vertu,

4816 4697 133 50 dans
4968 4690 242 70 quelque
5232 4693 259 64 situation
5517 4689 201 66 qu'elle
5734 4702 60 37 se
5818 4691 217 47 trouve.
6065 4683 179 65 Soyez

4814 4780 190 53 assuré
5039 4793 110 51 que
5172 4779 56 64 je
5256 4765 251 78 prendrai
5534 4774 252 66 toujours
5835 4785 111 38 une
5975 4773 122 62 part
6123 4771 113 49 sin-

4815 4866 118 51 cère
4953 4867 31 48 à
5002 4864 59 52 la
5080 4862 175 53 vôtre.

4878 4951 75 51 Le
4981 4950 165 51 motif
5173 4950 67 49 de
5265 4949 155 51 votre
5431 4958 213 53 voyage
5664 4958 68 37 en
5750 4942 323 68 Angleterre
6099 4941 135 51 était

4813 5050 107 37 une
4970 5034 380 64 conséquence
5397 5029 274 52 naturelle
5714 5029 69 50 de
5808 5041 103 38 vos
5957 5027 274 65 principes

4813 5134 196 38 envers
5037 5121 163 49 votre
5221 5118 196 50 Patrie.
5440 5116 44 69 Il
5504 5129 71 37 ne
5592 5128 237 51 manque
5857 5115 32 48 à
5911 5114 53 49 la
5980 5112 166 52 bonté
6163 5113 68 50 de

4812 5208 155 48 votre
4989 5218 169 39 cause
5185 5217 104 53 que
5332 5204 95 50 des
5456 5202 404 51 circonstances
5904 5200 321 50 heureuses.

4794 5286 116 54 ‘Les
4956 5289 234 53 intérèts
5226 5288 242 52 naturels
5524 5287 67 53 de
5626 5288 159 50 notre
5829 5285 206 64 empire
6078 5284 153 49 étant

4811 5377 151 50 aussi
4986 5377 107 50 liés
5117 5375 163 65 qu'ils
5307 5375 52 50 le
5407 5377 279 49 sontavec
5720 5386 140 37 ceux
5889 5373 65 48 de
5992 5369 238 53 Grande-

4812 5439 262 91 Bretagne
5096 5439 227 91 l'amitié
5357 5443 320 81 réciproque
5695 5459 97 51 des
5828 5458 143 50 deux
6004 5455 224 52 Nations

4813 5548 91 63 qui
4925 5561 68 38 en
5021 5547 229 62 résulte,
5280 5545 244 52 l'accueil
5554 5559 107 52 que
5678 5558 118 56 mes
5823 5543 187 51 flottes
6038 5556 68 37 en
6133 5544 97 48 ont

4812 5646 148 51 reçu,
4982 5632 147 52 celui
5158 5646 105 50 que
5281 5645 114 37 mes
5417 5632 293 51 vaisseaux
5748 5631 136 49 dans
5911 5629 51 49 la
5979 5627 251 51 Méditer-

4813 5718 159 51 ranée
5000 5721 61 48 et
5092 5718 55 50 le
5165 5730 297 38 commerce
5490 5716 68 52 de
5582 5715 57 50 la
5679 5715 202 49 Russie
5908 5712 249 50 auraient
6198 5712 33 49 à

4812 5803 251 50 attendre
5099 5802 133 49 d'un
5257 5802 195 62 peuple
5471 5801 141 49 libre
5652 5801 56 49 et
5735 5800 110 48 ami
5892 5798 94 50 des
6030 5797 196 62 miens,

4814 5889 125 47 sont
4964 5888 99 50 des
5086 5887 187 49 motifs
5300 5887 93 63 qui
5418 5899 71 37 ne
5519 5884 281 52 sauraient
5825 5896 109 49 que
5959 5895 137 37 vous
6115 5881 116 49 étre

4813 5970 327 51 favorables.
5186 5971 164 48 Aussi
5403 5982 378 50 pouvez-vous
5849 5967 116 50 étre
6017 5966 209 62 assuré,

4811 6054 296 63 Monsieur,
5139 6067 107 51 que
5262 6055 52 62 je
5347 6068 70 36 ne
5448 6052 323 66 négliglerai
5792 6052 156 62 point
5970 6051 83 50 les
6080 6063 152 37 occa-

4812 6141 148 49 sions
4983 6140 99 63 qui
5104 6141 263 62 pourront
5384 6152 59 37 se
5470 6138 290 63 présenter
5778 6138 66 49 de
5871 6148 134 38 vous
6034 6135 196 50 rendre

4811 6228 124 47 tous
4953 6226 82 50 les
5066 6227 137 50 bons
5231 6225 188 51 offices
5441 6215 107 74 que
5565 6225 83 50 les
5665 6223 383 65 conjonctures
6068 6237 161 50 pour-

4813 6313 123 47 ront
4960 6314 317 61 permettre.

4875 6395 102 51 Les
5004 6396 179 50 Turcs
5226 6397 169 50 m'ont
5429 6395 214 52 déclaré
5694 6395 54 50 la
5788 6408 197 50 guerre
6011 6395 59 49 la
6099 6397 132 61 plus

4784 6479 234 64 “injuste
5074 6482 96 63 qui
5214 6481 86 50 fût
5338 6480 277 64 peut-être
5644 6480 213 64 jamais.
5897 6479 61 52 Je
5996 6494 70 38 ne
6104 6481 127 63 puis

4813 6566 134 49 dans
4963 6579 63 37 ce
5046 6569 244 48 moment
5314 6580 107 50 que
5445 6581 91 37 me
5568 6566 278 52 défendre.
5883 6565 70 50 La
5982 6565 250 51 bénédic-

4812 6651 115 49 tion
4955 6651 74 50 du
5059 6651 103 51 ciel
5193 6652 90 63 quì
5302 6666 30 35 a
5345 6652 363 63 accompagné
5725 6651 260 65 jusqu'ici
6003 6651 51 50 la
6089 6652 141 49 bon-

4812 6734 53 50 té
4889 6736 69 50 de
4986 6749 93 37 ma
5097 6749 180 48 cause,
5301 6738 54 48 et
5374 6750 106 51 que
5506 6738 55 63 je
5579 6738 119 62 prie
5724 6736 137 50 Dieu
5900 6736 65 49 de
5984 6749 85 36 me
6096 6750 137 36 vou-

4812 6819 103 50 loir
4928 6821 130 51 bien
5079 6822 301 62 continuer,
5407 6822 284 50 démontre
5714 6834 154 38 assez
5897 6834 104 51 que
6036 6821 53 49 la
6114 6822 119 62 jus-

4812 6907 105 49 tice
4943 6906 147 51 n'est
5131 6920 97 50 pas
5275 6907 309 65 longtemps
5624 6907 315 64 oppressée;
5998 6920 28 37 e
6054 6906 179 65 quela

4811 6992 268 63 patience,
5099 6991 330 64 l'espérance
5451 6994 57 49 et
5541 6992 53 51 le
5622 7005 232 50 courage
5905 6992 261 51 viennent
6201 6992 32 49 à

4811 7075 149 65 bout,
4991 7078 139 49 dans
5152 7076 55 51 le
5232 7078 211 63 monde,
5470 7066 68 62 de
5564 7077 195 51 choses
5814 7066 84 61 les
5918 7077 122 63 plus
6077 7077 153 50 diffi-

4809 7160 99 50 les.
4939 7162 62 49 Je
5031 7163 177 60 recois
5234 7176 131 37 avec
5392 7163 208 65 plaisir,
5638 7163 297 61 monsieur,
5966 7163 82 50 les
6076 7175 157 39 assu-

4811 7259 188 38 rances
5067 7247 451 52 d’attachements
5561 7261 107 51 que
5694 7261 140 38 vous
5871 7249 191 50 voulez
6102 7250 154 49 bien

4811 7344 84 37 me
4914 7332 230 61 donner,
5172 7335 56 47 et
5244 7333 52 62 je
5321 7346 140 37 vous
5493 7336 121 60 prie
5640 7333 169 51 d’être
5848 7335 95 48 sùr
5970 7335 65 50 de
6061 7317 170 67 l'esti-

4810 7429 85 38 me
4924 7430 137 38 avec
5077 7416 235 65 laquelle
5337 7418 53 63 je
5419 7420 136 48 suis.

5726 7539 411 85 Catherine.

4801 7725 152 65 —
4969 7725 44 65 —
5012 7725 44 65 —
5202 7725 277 65 "he
5478 7734 55 52 0

4913 7882 324 137 Sapere
5299 7891 367 107 militare
5728 7892 89 106 di
5875 7893 248 105 Paoli

4891 8196 114 63 On
5076 8214 96 44 ne
5219 8197 280 61 saurait
5567 8203 173 69 trop
5800 8197 326 66 admirer
6151 8199 77 63 la

4809 8295 389 65 hardiesce
5249 8305 70 54 et
5387 8296 378 66 l’habileté
5817 8299 93 63 de
5947 8319 83 58 sa
6065 8321 162 43 ma-

4809 8415 338 47 Œuvre.

5777 8500 376 53 Pommereuil.

4892 8783 65 62 Il
5003 8789 115 56 est
5186 8782 357 67 étonnant
5617 8804 141 59 que
5830 8793 189 59 cette
6055 8790 179 76 poi-

4811 8883 185 77 gnée
5064 8884 471 76 d'insulaires
5564 8906 178 46 sans
5797 8879 423 90 artilleries,

4803 9005 178 47 sans
4995 8986 278 76 places,
5296 9005 175 48 sans
5491 8991 407 76 magasins,
5920 9010 174 49 sans
6112 9013 115 45 ar-

4809 9094 174 69 gent
5005 9088 108 64 ait
5130 9090 530 64 tenu
5325 9084 104 88 en
5435 9090 225 64 échec
5675 9093 330 74 pendant
6027 9095 201 64 deux

4807 9207 448 59 campagnes
5273 9192 72 62 la
5372 9193 275 63 Nation
5669 9194 392 82 française,
6097 9199 130 78 qui

4805 9291 281 64 n’avait
5145 9310 135 56 pas
5349 9294 200 63 alors
5605 9296 326 63 d’autres
5992 9318 231 46 enne-

4805 9393 142 62 mis
4995 9412 94 42 en
5163 9390 167 66 tête.
5386 9397 108 61 La
5491 9386 305 90 liberté
5818 9386 288 90 double
6150 9403 75 62 la

4803 9494 263 62 valeur
5129 9499 73 55 et
5259 9495 109 61 les
5413 9497 244 63 forces
5732 9498 91 62 de
5852 9500 366 66 l'homme.

5813 9617 341 53 Dumouriez.

4892 9905 109 62 La
5067 9903 300 68 défense
5430 9910 133 65 des
5609 9913 266 65 Corses
5908 9916 113 65 fut
6055 9919 172 75 plus

4806 10004 357 66 brillante
5226 10011 262 74 qu'elle
5531 10001 326 77 n'aurait
5902 10018 101 63 di
6043 10018 180 67 être.

4808 10103 554 65 L'enlèvement
5432 10112 180 62 d'un
5669 10113 364 67 bataillon
6103 10140 127 43 en-

4809 10202 145 62 tier
5020 10202 189 63 dans
5228 10206 477 68 Patrimonio
5738 10221 114 54 est
5897 10237 145 45 une
6071 10241 159 43 sur-

4809 10303 208 72 prise
5099 10304 132 62 des
5281 10313 373 70 quartiers
5691 10313 310 77 d'hyver
6046 10321 186 65 dont
6289 10316 10 5 |

4814 10400 587 81 s'honoreraient
5485 10412 115 63 les
5700 10415 172 73 plus
5950 10424 282 70 grands

4814 10498 408 76 généraux.
5286 10507 219 66 Paoli
5562 10532 48 42 a
5656 10513 318 81 déployé
6041 10491 191 98 dans

4814 10605 194 56 cette
5066 10618 265 55 guerre
5409 10608 390 81 beaucoup
5878 10619 90 62 de
6014 10623 218 76 génie

4814 10702 76 54 et
4938 10717 110 44 un
5089 10700 154 63 très
5293 10709 241 68 grand
5589 10717 401 64 caractère.
6042 10702 194 83 Tout

4814 10813 87 45 ce
4956 10799 183 76 quil
5190 10820 45 41 a
5287 10808 206 62 tenté
5558 10810 184 66 était
5788 10818 157 63 très
6004 10824 233 63 auda-

4816 10895 239 76 Cieux,
5120 10898 174 66 bien
5337 10909 345 64 combiné
5714 10921 69 54 et
5830 10935 48 45 à
5918 10918 128 71 été
6071 10923 163 64 exé-

4815 10995 172 63 cuté
5062 11016 180 47 avec
5320 11006 407 73 précision.

5822 11117 339 70 Dumouriez,

6980 166 60 8 =
7446 136 7 3 -

6862 321 343 107 Lettara

6488 536 50 71 a
6593 492 474 136 Napulione
7103 487 471 142 Bonaparte

6580 764 230 60 Bastia,
6841 775 57 53 2,
6923 755 210 76 aprile
7173 771 139 57 1791

6411 884 182 57 Colla
6641 890 210 47 vostra
6879 877 233 56 lettera
7154 873 102 58 del
7292 880 68 55 16
7401 901 195 67 marzo
7616 921 35 62 |

6333 977 291 57 ricevuto
6653 974 56 55 le
6770 981 256 57 stampe
7055 965 119 58 che
7207 968 86 57 mi
7338 989 183 53 avete
7546 1012 85 54 ma

6330 1068 173 57 dato.
6540 1066 140 56 Non
6737 1062 59 56 vi
6837 1059 152 58 date
7027 1077 169 52 pena
7218 1060 64 56 di
7340 1028 253 141 smentire
7618 1035 70 130 |.

6330 1159 359 73 imposture
6709 1153 63 58 di
6797 1149 348 60 Buttafoco
7176 1155 387 77 quell'uomo
7587 1115 97 140 no.

6326 1258 142 72 può
6545 1268 154 40 aver
6750 1244 249 60 credito
7079 1263 228 51 presso
7352 1270 90 40 un
7490 1219 188 139 Popol,

6330 1351 121 58 che
6492 1347 80 57 ha
6636 1356 254 54 sempre
6936 1336 265 57 stimato
7245 1338 245 68 l'onore
7530 1377 33 37 e
7603 1373 60 66 ch

6313 1460 131 42 ora
6490 1438 78 57 ha
6589 1431 437 72 riacquistata
7057 1429 61 58 la
7146 1449 117 40 sua
7292 1431 247 73 libertà,
7580 1457 89 76 Col

6328 1527 370 65 nominarlo
6743 1542 68 39 se
6836 1522 90 73 gli
6967 1522 65 58 fa
7088 1520 299 91 piacere;
7444 1540 120 69 egli
7589 1517 95 118 non

6327 1628 133 71 può
6505 1622 284 73 aspirare
6847 1614 83 59 ad
6960 1615 164 59 altra
7171 1617 309 68 celebrità
7520 1636 109 66 che

6327 1713 217 81 quella
6599 1712 117 60 che
6743 1710 188 58 cercò
6973 1709 452 65 l’incendiario
7455 1721 232 86 delten

6326 1813 111 76 pio
6487 1809 76 66 di
6601 1804 206 61 Efeso.
6856 1801 145 75 Egli
7055 1804 216 59 scrive
7309 1827 38 37 e
7388 1817 174 65 parla
7604 1850 86 54 Per

6325 1905 103 58 far
6468 1900 260 59 credere
6759 1895 118 58 che
6938 1897 116 72 qui
7105 1898 58 57 ei
7192 1899 97 57 sia
7336 1902 65 55 di
7457 1920 237 76 qualche

6326 2009 469 58 conseguenza.
6877 1986 88 60 Se
7043 2008 84 36 ne
7214 2010 408 62 vergognano
7661 2026 31 63 li

6325 2087 190 63 stessi
6575 2083 137 61 suoi
6758 2080 279 76 parenti.
7087 2080 365 68 Lasciatelo
7494 2101 56 58 a]
7590 2104 101 72 dis.

6328 2200 230 59 prezzo
6598 2199 37 38 e
6666 2178 124 58 alla
6818 2174 267 75 publica
7135 2194 433 61 noncuranza,

6404 2276 143 58 Non
6615 2283 186 64 posso
6841 2288 115 39 ora
7043 2266 215 75 aprire
7310 2273 60 60 le
7437 2293 254 74 cascie
7628 2286 59 87 e

6325 2388 260 42 cercare
6628 2366 43 58 li
6726 2362 149 59 miei
6932 2361 231 68 scritti,
7243 2363 362 82 D'altronde
7647 2397 40 63 |,

6324 2464 199 61 storia
6562 2481 131 40 non
6737 2458 54 58 si
6820 2455 217 61 scrive
7067 2454 170 73 negli
7284 2466 153 57 anni
7490 2482 192 68 teneri.

6323 2565 382 68 permettete
6719 2552 118 60 che
6862 2550 66 59 vi
6959 2548 364 60 ricomandi
7352 2554 65 59 di
7454 2542 229 100 forma;

6324 2673 86 39 ne
6456 2652 44 71 il
6553 2650 194 75 piano
6783 2651 167 54 sotto
6980 2641 189 60 l’idea
7199 2641 121 71 che
7353 2668 82 41 ve
7463 2675 77 44 ne
7565 2668 115 74 darà

6322 2749 278 60 l'abbate
6641 2740 285 76 Reynal:
6987 2759 37 37 e
7078 2735 309 65 frattanto
7441 2764 245 68 potreste

6321 3043 99 48 tra
6480 3026 200 61 storia
6738 3024 166 59 deve
6966 3019 281 60 rilevare
7300 3021 58 60 la
7419 3049 114 42 sua
7600 3039 86 69 im.

6321 3136 314 63 portanza
6686 3117 166 61 dalla
6902 3114 251 75 qualità
7199 3113 390 74 de'caratteri
7609 3138 73 64 chi

6320 3220 66 58 vi
6428 3218 219 58 hanno
6710 3212 308 74 figurato.
7078 3207 125 60 Per
7257 3211 72 56 sè
7368 3217 310 79 medesim:

6320 3333 135 38 non
6506 3314 36 56 è
6584 3308 62 60 di
6692 3308 233 58 alcuna
6953 3321 462 55 conseguenza
7460 3312 58 56 al
7544 3315 136 71 letto

6319 3427 94 45 re,
6461 3403 237 77 perchè
6739 3402 44 57 li
6816 3398 147 61 suoi
7013 3398 254 59 succesi
7321 3409 355 67 etransazio.

6319 3502 67 57 ni
6432 3516 167 42 sono
6671 3506 161 48 state
6894 3506 241 62 troppo
7167 3491 273 76 piccole,
7487 3517 36 40 e
7561 3511 118 66 qua.

6317 3595 56 57 si
6426 3589 390 64 indifferenti
6871 3587 63 58 al
6988 3606 163 55 gran
7201 3589 270 60 mondo.
7511 3592 102 62 Ma
7632 3624 47 44 se

6320 3689 214 60 volete
6599 3683 345 62 umiliare
6910 3678 59 87 i
7050 3682 152 59 miei
7280 3683 238 61 nemici
7589 3711 85 50 non

6317 3794 191 49 avete
6547 3782 119 59 che
6693 3800 38 38 a
6755 3780 102 58 dir
6901 3779 146 59 loro
7115 3776 121 59 che
7286 3783 168 53 sono
7482 3782 190 66 arriva.

6318 3884 69 54 to
6439 3877 82 60 ad
6556 3896 130 40 una
6734 3886 174 48 certa
6960 3875 108 58 età
7103 3883 237 64 troppo
7396 3871 205 63 vicina
7638 3889 40 59 ql

6317 3973 394 73 disinganno
6775 3989 198 53 sopra
7034 3968 74 58 le
7146 3986 248 41 umane
7440 3970 246 74 vanità,e

6317 4086 167 37 sono
6535 4066 45 55 il
6625 4064 210 71 primo
6891 4082 41 38 a
6986 4062 144 57 dire
7179 4061 122 57 che
7333 4060 69 57 di
7450 4080 100 41 me
7598 4070 89 64 siè

6315 4158 179 74 detto
6539 4167 231 61 troppo
6806 4153 492 74 bene
6978 4148 75 89 e
7052 4153 246 74 troppo
7340 4154 193 62 male.
7554 4157 127 76 Quel

6316 4249 123 60 che
6468 4248 89 58 mi
6605 4247 51 59 si
6700 4245 389 61 attribuisce
7123 4246 65 58 di
7257 4248 236 59 merito
7524 4272 65 42 se
7626 4278 58 41 ne

6315 4345 169 56 deve
6533 4343 65 57 la
6641 4340 250 74 magior
6930 4352 188 62 parte
7170 4340 112 57 alli
7340 4343 241 63 ‘zelanti
7605 4371 82 53 pa.

6317 4436 203 60 triotti
6554 4435 80 58 ed
6677 4434 190 59 àmici
6917 4454 191 39 meco
7135 4434 360 77 impegnati
7549 4446 135 62 nella

6315 4532 222 60 buona
6577 4548 209 41 causa.
6826 4527 73 58 Li
6958 4528 157 58 miei
7158 4531 243 59 nemici
7431 4554 252 53 possono

6314 4623 361 62 accusarmi
6713 4623 73 58 di
6803 4623 278 58 errori
7022 4603 64 96 e
7121 4622 186 60 svisti
7362 4629 169 59 nella
7572 4607 105 88 mia

6312 4717 592 63 amministazione.
6943 4715 149 59 Non
7149 4735 166 41 sono
7372 4741 110 40 reo
7535 4744 67 40 se
7632 4728 48 59 la

6314 4824 233 50 natura
6600 4831 128 41 non
6768 4812 87 57 mi
6901 4811 160 59 dotò
7090 4811 63 58 di
7175 4812 223 61 talenti
7444 4838 240 55 propor-

6311 4916 243 61 zionati
6623 4913 391 76 all'impiego
7076 4913 435 67 addossatomi
7571 4924 112 58 miò

7709 2791 38 32 À

6321 2837 357 81 applicarvi
6721 2856 37 39 a
6790 2834 99 59 far
6962 2830 280 61 reccolta
7289 2834 170 80 degli
7524 2869 198 51 anne.

6322 2937 139 60 doti
6516 2954 36 40 e
6595 2934 79 57 de
6725 2928 142 59 fatti
6911 2927 117 74 più
7084 2925 324 80 rilevanti.
7443 2937 84 62 La
7570 2966 92 47 nos
7674 2996 47 12 |

6313 5010 386 76 malgrado
6650 5003 77 91 ;
6744 5009 89 58 mi
6871 5007 208 61 fanno
7120 5013 154 64 però
7327 5025 169 48 torto
7542 5028 139 59 met

6309 5106 202 60 tendo
6554 5107 64 56 in
6664 5103 199 60 dubio
6907 5104 65 57 la
7038 5102 306 60 sincerità
7418 5106 105 58 del
7575 5085 152 89 mio

6310 5201 141 59 zelo
6482 5220 115 53 per
6641 5201 62 58 la
6730 5199 254 58 libertà.
7029 5197 147 59 Non
7215 5197 89 58 ho
7333 5200 230 57 merito
7593 5212 91 61 per
7674 5193 44 86 ;

6308 5314 222 40 essere
6571 5305 163 49 stato
6785 5293 502 59 disinteressato
7369 5293 102 57 nel
7514 5297 169 55 servi.

6307 5390 105 59 zio
6474 5390 168 58 della
6712 5388 241 59 Patria.
7020 5389 53 56 Il
7134 5387 251 58 denaro
7449 5386 116 59 che
7620 5388 62 60 ho

6308 5503 196 55 speso
6549 5503 114 56 per
6702 5502 142 40 essa
6897 5502 40 38 e
6978 5481 224 75 quello
7257 5480 123 59 che
7434 5499 131 39 non
7619 5480 61 60 ho

6309 5579 226 70 voluto
6594 5578 285 62 ricevere
6938 5577 350 59 dall’altrui
7319 5575 360 74 generosità,

6309 5692 363 39 conosceva
6719 5663 164 70 bene
6919 5673 67 59 io
7042 5673 220 60 ch’era
7323 5672 239 73 meglio
7594 5671 87 67 im-

6310 5768 261 71 piegato
6636 5789 114 51 per
6803 5769 49 57 il
6901 5768 139 57 mio
7094 5778 207 49 onore
7355 5769 124 58 che
7509 5786 69 39 se
7618 5779 57 47 ne

6311 5861 214 57 avessi
6572 5861 307 58 fabricate
6903 5880 155 39 case
7083 5862 77 56 ed
7177 5862 314 72 ampiiato
7516 5860 44 57 il
7583 5861 97 58 mio

6309 5965 200 46 tenue
6537 5954 418 72 patrimonio.
6975 5952 136 59 Son
7141 5966 313 47 contento
7484 5953 197 74 perchè

6313 6065 132 37 non
6519 6048 87 55 mi
6703 6049 430 71 rimprovero,
7205 6056 38 48 è
7297 6047 246 74 perchè
7608 6041 70 64 fra

6311 6140 194 72 pochi
6578 6142 152 57 anni
6803 6126 299 71 l'invidia
7156 6162 36 36 e
7252 6142 61 57 la
7380 6141 297 74 parzialità

6302 6252 401 40 cesseranno
6746 6234 276 73 d'agitar
7064 6234 70 58 li
7144 6234 331 71 malevoli,
7544 6256 34 38 e
7620 6234 55 74 gli

6310 6329 197 56 amici
6550 6330 86 57 mi
6690 6329 341 59 vedranno
7080 6330 57 57 al
7181 6331 354 73 copertodi
7584 6340 83 49 tut

6310 6433 66 47 te
6430 6423 62 58 le
6527 6423 480 69 vecissitudini,
7059 6444 43 37 e
7130 6445 132 37 non
7319 6425 209 59 andrà
7556 6421 120 61 mol

6310 6528 70 47 to
6433 6517 121 58 che
6592 6519 201 56 dovrò
6818 6518 143 58 dire
6992 6539 16 37 :
7029 6517 88 60 oh
7159 6518 162 59 fossi
7353 6529 168 49 stato
7563 6534 114 42 men

6313 6622 157 48 noto
6515 6612 125 72 agli
6688 6612 145 59 altri
6862 6632 37 37 e
6929 6612 115 74 più
7075 6623 157 48 noto
7288 6633 36 38 a
7353 6634 107 38 me
7484 6608 192 64 stesso!

6309 6705 233 65 Reebe,
6588 6706 118 60 diu
6755 6708 323 57 viximus.
7111 6707 300 60 Possano
7445 6707 39 60 li
7515 6702 161 64 futuri

6312 6800 288 72 patriotti
6639 6802 306 73 spingere
6988 6813 181 48 tanto
7241 6803 219 58 avanti
7493 6802 44 57 il
7572 6801 101 58 lori

6312 6895 235 57 merito
6575 6895 116 58 che
6743 6896 65 57 di
6874 6916 107 37 me
7020 6897 112 72 più
7181 6916 136 38 non
7355 6897 59 57 si
7441 6893 155 77 parli
7632 6908 44 39 s

6315 7008 133 38 non
6478 7007 183 40 come
6691 6990 262 59 d'uomo
6996 6991 122 57 che
7159 6991 168 59 ebbe
7374 6990 210 60 buone
7632 6985 45 57 in

6312 7084 309 56 tenzioni.
6667 7083 174 59 Mille
6883 7086 453 71 complimenti
7381 7072 299 72 all’abbate

6313 7170 268 80 Reynal.
6600 7179 95 58 vi
6714 7179 216 59 saluto
6971 7179 68 58 di
7095 7190 221 50 cuore.

6391 7284 224 105 Vostro
6641 7288 103 59 aff.
6777 7291 322 58 servitore
7127 7294 151 58 obb.

6868 7401 372 78 Pasquale
7278 7395 337 71 de'Paoli.

7647 7580 10 8 à

7687 7503 19 92 Si

6680 7574 621 46 —=
7019 7547 99 98 —

6389 7675 570 62 ...Effetivamente
6987 7681 182 73 però,
7200 7696 190 42 come
7415 7674 120 58 ben
7560 7661 61 71 vi
7656 7662 27 54 è

6309 7780 193 72 noto,
6521 7773 35 54 é
6577 7773 247 71 seguito
6853 7760 71 70 in
6955 7774 213 71 questi
7201 7770 218 75 giorni
7445 7766 61 58 lo
7532 7759 149 58 sbar-

6307 7884 79 38 co
6415 7864 63 58 di
6513 7885 212 40 nuove
6753 7868 240 71 truppe
7038 7867 64 56 in
7153 7866 289 65 Aiaccio,
7471 7879 42 38 e
7528 7873 65 41 se
7613 7864 65 42 De

6307 7958 195 56 crede
6568 7959 390 57 imminente
7019 7958 267 58 l’arrivo
7342 7960 69 56 di
7447 7953 157 59 altre
7625 7942 50 56 in

6308 8048 296 70 maggior
6669 8065 302 49 numero,
7029 8047 429 72 ignorandosi
7521 8031 152 71 total-

6295 8149 236 46 ‘mente
6581 8139 81 57 da
6710 8139 109 58 noi
6867 8139 74 58 ei
6964 8140 249 58 motivi
7246 8161 37 40 e
7310 8142 277 73 loggetto
7631 8122 45 60 di

6309 8242 229 61 questa
6581 8252 208 39 nuova
6834 8234 405 72 spedizione.
7274 8228 250 82 Questo
7546 8229 134 59 inas-

6307 8335 246 63 pettato
6600 8328 486 66 avvenimento,
7131 8330 124 58 che
7310 8330 96 66 ha
7424 8309 255 98 general-

6309 8431 219 47 mente
6568 8421 266 60 eccitato
6866 8423 64 58 le
6978 8424 444 61 sollecitudini
7434 8401 140 113 del
7579 8424 73 45 no

6308 8525 136 46 stro
6478 8517 255 71 popolo,
6774 8531 310 61 presenta
7124 8540 90 37 un
7247 8537 221 42 nuovo
7496 8508 173 75 ogge

6308 8631 66 44 to
6416 8616 63 60 di
6509 8619 433 71 applicazioni
6974 8639 38 39 e
7049 8621 62 58 di
7151 8615 239 66 riffessi
7424 8640 35 39 a
7491 8610 183 79 quest?

6306 8713 305 71 generale
6656 8715 390 68 assemblea,
7074 8736 116 52 per
7237 8703 387 87 impegnarla
7646 8710 50 37 2‘

6307 8806 319 70 prendere
6671 8818 166 48 tutte
6881 8809 222 72 quelle
7145 8799 415 83 precauzioni
7585 8789 85 62 ch

6306 8899 272 73 esigono
6606 8901 19 56 i
6658 8903 290 71 riguardi
7007 8898 500 80 indispensabili
7544 8877 127 71 dell?

6306 9003 223 48 nostra
6589 8995 227 59 libertà
6848 9017 37 37 e
6953 8986 512 84 indipendenza,
7504 9008 28 39 è
7531 8978 34 99 !
7558 8982 115 58 *"

6305 9086 180 69 lenni
6529 9088 282 74 impegni
6866 9090 126 60 che
7023 9092 56 61 Ja
7118 9093 284 58 nazione
7434 9089 78 55 ha
7556 9081 122 51 CO"

6306 9182 175 56 tratti
6514 9202 112 53 per
6674 9185 502 62 mantenerla»...

6373 9284 236 90 Discorsu
6664 9293 55 49 di
6759 9292 242 52 de'Paoli
7040 9295 299 51 a'consulta
7371 9293 54 49 di
7449 9301 33 36 u
7506 9272 168 60 2.9

6306 9373 135 62 ghiu
6482 9374 147 53 1768.

6072 10849 1258 116 ———————————

6982 10931 271 44 Ve
7319 10931 110 44 mme

6374 10949 260 55 An
6657 10945 116 93 Ci
7006 11005 16 12 +
7171 11004 15 12 de
7402 10955 245 54 Murs

6364 10994 701 92 Alacciu-Stamparia
7120 11004 74 61 di
7259 11000 67 62 A
7403 10974 271 149 Mur)

6331 11108 60 65 U
6423 11108 634 102 direttore-gerente
7088 11145 15 37 -
7184 11119 219 63 Petru
7422 11071 164 98 ROC

7712 5476 7 42 cre
