8794 12309
1149 638 482 143 Pour
1720 682 379 98 une
2177 642 891 182 politique

615 859 1410 167 internationale
2107 862 351 144 des
2554 881 975 141 minorités

2050 1096 203 33 +<—

721 1293 56 63 I.
818 1325 84 9 —
940 1285 189 64 Sous
1163 1281 71 65 le
1263 1280 272 80 joug...
1570 1296 98 44 ou
1704 1291 178 47 sous

1095 1387 71 64 le
1185 1384 357 65 boisseau

691 1572 233 86 Après
952 1574 67 61 la
1054 1571 160 80 plus
1245 1571 241 58 atroce
1550 1560 125 63 des
1724 1569 300 68 guerres

606 1681 406 71 modernes,
1100 1668 203 84 après
1374 1668 68 60 la
1481 1660 359 67 mondiale
1904 1646 121 90 hé-

608 1783 326 67 catombe
991 1778 88 62 de
1136 1776 244 77 quatre
1422 1784 151 57 ans,
1616 1758 204 84 après
1861 1769 158 66 que,

607 1890 255 63 durant
960 1879 166 74 cinq
1194 1867 291 76 années,
1550 1866 104 59 les
1741 1856 281 64 nations

603 2007 90 40 en
733 1981 256 64 conflit
1033 1993 78 43 se
1165 1966 473 67 réclamèrent
1681 1961 93 59 du
1814 1950 211 66 Droit

602 2089 70 54 et
742 2079 180 60 dela
964 2072 288 77 Justice,
1332 2071 70 55 et
1470 2077 138 61 que
1669 2060 107 59 les
1832 2052 187 61 Etats

602 2175 411 65 victorieux
1048 2164 487 64 reconnurent
1597 2152 424 64 solennelle-

602 2279 205 64 ment
891 2283 141 46 aux
1101 2263 215 80 petits
1388 2251 299 91 peuples
1728 2256 65 61 le
1832 2251 192 66 droit

538 2347 216 94 "àla
804 2370 145 71 vie,
1002 2363 203 82 après
1260 2366 67 60 la
1382 2354 285 72 Société
1729 2359 127 61 des
1885 2353 136 66 Na-

574 2482 218 61 -tions
852 2475 88 55 et
969 2470 68 59 la
1100 2461 490 67 Commission
1627 2463 127 61 des
1791 2460 230 63 mino-

605 2573 194 86 rités,
843 2572 51 61 il
936 2571 191 60 reste
1189 2584 286 58 encore,
1545 2565 175 61 dans
1758 2559 264 65 l'Euro-

599 2697 91 66 pe
750 2679 72 57 et
872 2664 176 66 dans
1110 2668 69 60 le
1216 2667 291 73 monde,
1576 2665 125 60 des
1761 2641 253 106 petites

602 2794 195 53 races
869 2769 379 72 asservies,
1290 2768 127 62 des
1482 2765 262 79 petites
1792 2757 231 66 natio-

606 2874 254 74 nalités
917 2867 482 83 comprimées
1440 2884 146 62 par
1635 2858 386 83 l'impéria-

602 2984 207 66 lisme
845 2971 260 91 d'Etats
1135 2969 586 64 centralisateurs
1739 2981 91 46 ou
1858 2980 166 43 cen-

601 3076 306 75 tralisés.

689 3177 328 83 Frangais
1087 3175 95 61 du
1252 3169 314 77 Canada,
1621 3165 396 76 Flamands,

605 3285 327 69 Bretons,
1046 3275 314 90 Basques
1441 3278 71 58 et
1602 3269 261 65 Corses
1934 3266 88 62 de

601 3374 284 82 France,
919 3378 374 64 Flamands
1305 3362 133 100 de
1451 3373 391 85 Belgique,
1890 3366 132 65 Ca-

599 3490 227 64 talans
896 3480 416 82 d'Espagne,
1391 3476 250 73 Celtes
1692 3475 126 77 des
1883 3469 139 64 Îles

601 3586 529 78 Britanniques,
1171 3585 68 60 la
1273 3582 164 73 liste
1468 3598 90 62 en
1588 3584 110 72 est
1731 3570 288 92 longue,

606 3699 71 57 et
712 3692 266 71 longue
1014 3687 188 61 aussi
1258 3683 354 78 l’histoire
1674 3681 90 61 de
1831 3681 191 60 leurs

610 3791 439 66 souffrances
1098 3793 69 58 et
1202 3787 88 84 de
1329 3788 158 61 leur
1512 3781 251 67 réveil.

687 3891 194 64 Chez
950 3893 304 79 presque
1343 3895 191 68 tous,
1621 3868 172 78 chez
1858 3887 162 59 tous

600 4014 181 47 ceux
864 3992 94 64 où
1041 3987 339 68 l'œuvre
1452 3985 563 87 d’assimilation,

598 4098 111 66 n'a
800 4113 129 64 pas
967 4115 86 44 eu
1131 4097 69 59 le
1261 4097 239 73 temps
1573 4088 88 61 de
1704 4084 313 61 détruire

578 4195 235 70 ‘toute
864 4186 580 85 caractèristique
1482 4206 93 44 ou
1602 4191 159 57 tout
1793 4182 225 79 esprit

492 4304 28 25 -
599 4302 336 93 national,
992 4299 51 61 il
1105 4294 166 63 s'est
1339 4286 167 65 levé
1557 4305 95 40 un
1724 4298 294 46 mouve-

599 4391 221 91 ment,
886 4390 481 76 résurrection
1437 4405 95 48 ou
1592 4381 422 88 prodromes

598 4509 87 63 de
722 4502 506 70 résurrection.
1290 4487 276 87 Malgré
1623 4490 105 61 les
1785 4483 229 84 préju-

608 4612 149 84 gés,
825 4604 271 85 malgré
1147 4604 104 61 les
1283 4598 380 79 journaux,
1706 4593 104 59 les
1847 4607 169 62 gen-

597 4717 301 68 darmes,
970 4725 93 48 ou
1160 4694 496 90 l'Université,
1732 4687 277 88 malgré

594 4793 67 86 la
723 4816 241 61 raison
1056 4805 223 65 d'Etat
1342 4818 93 46 ou
1506 4797 333 76 l'intérêt,
1925 4814 87 43 au

596 4919 153 61 sein
830 4914 88 62 de
1008 4909 270 64 chacun
1348 4907 87 59 de
1526 4920 116 46 ces
1718 4903 293 79 peuples

593 5022 298 61 vaincus
957 5019 71 56 et
1122 5007 375 84 méprisés,

599 5127 107 58 est
740 5136 195 45 venu
956 5116 176 80 quia
1167 5112 104 63 dit
1300 5109 40 62 à
1379 5127 113 44 ses
1515 5107 246 64 frères:
1789 5121 223 47 «vous

600 5241 169 46 avez
792 5223 69 60 le
892 5219 188 62 droit
1120 5215 86 62 de
1270 5213 210 62 vivre
1546 5213 199 60 selon
1808 5216 202 56 votre

600 5309 183 81 race.
827 5341 41 42 »

687 5426 102 62 Et.
855 5418 479 86 aujourd'hui,
1411 5436 85 43 au
1581 5412 285 66 Canada
1942 5416 72 56 et

599 5557 88 44 en
758 5534 327 76 Flandre,
1128 5548 283 46 comme
1465 5545 86 44 au
1606 5544 176 65 pays
1842 5523 171 89 Bas-

597 5658 162 64 que,
831 5655 94 65 en
980 5634 225 66 Corse
1252 5638 73 58 et
1395 5650 90 43 en
1544 5629 377 79 Bretagne,
1961 5627 53 60 il

591 5761 115 66 ya
742 5759 97 45 un
898 5737 230 66 réveil
1195 5736 374 77 national,
1599 5731 127 61 des
1800 5746 211 63 orga-

593 5845 368 71 nisations,
1041 5841 124 60 des
1236 5853 288 48 revues.
1598 5834 126 61 des
1787 5831 225 63 mani-

599 5947 373 64 festations
995 5944 87 61 de
1131 5943 142 61 vie.

718 6136 98 62 II.
855 6170 88 9 —
986 6133 537 80 Compagnons
1564 6123 91 62 de
1698 6122 189 62 lutte

679 6260 141 78 Ces
897 6255 539 101 mouvements,
1517 6248 155 100 sont
1743 6233 239 107 divers,

594 6368 86 62 ils
740 6368 66 59 le
836 6341 169 85 sont
1034 6379 130 64 par
1198 6363 156 59 leur
1389 6329 308 90 étendue
1752 6331 90 94 et,
1888 6339 145 92 par

592 6469 67 61 le
776 6462 216 85 degré
1073 6461 205 83 qu'ils
1377 6461 399 78 atteignent
1836 6454 172 61 dans

591 6568 443 75 l'évolution,
1076 6582 304 64 presque
1395 6561 347 81 toujours
1814 6556 200 64 iden-

592 6656 219 96 tique,
871 6669 124 62 des
1024 6666 262 64 réveils
1326 6666 413 61 nationaux.
1784 6659 224 82 Après

594 6776 63 61 la
746 6770 297 85 période
1130 6767 345 67 littéraire
1525 6773 84 56 et
1671 6765 340 63 romanti-

594 6891 138 64 que
755 6876 83 44 —
883 6892 97 44 un
1018 6872 88 64 de
1142 6874 67 61 la
1293 6865 495 84 Villemarqué
1846 6864 166 65 chez

590 6962 184 78 nous
801 6985 84 36 —
922 6976 53 61 il
1013 6973 284 65 s'ouvre
1335 6971 327 81 toujours
1690 6987 138 44 une
1892 6965 119 84 pé-

589 7065 248 78 riode'
856 7078 88 76 de
981 7073 1055 81 revendications-politiques..

675 7180 91 65 La
796 7165 299 80 crainte
1136 7184 70 59 et
1239 7170 70 70 le
1363 7166 312 91 manque
1715 7175 88 62 de
1828 7173 182 64 con-

589 7282 220 66 fiance
880 7286 106 61 les
1077 7282 154 64 font
1302 7275 707 90 d'abord
1605 7271 68 102 .
1673 7275 336 90 s'établir

591 7406 117 45 sur
774 7392 95 57 un
905 7373 482 96 programme
1451 7376 164 68 très
1657 7377 236 66 réduit
1925 7413 87 12 —

586 7506 130 48 nos
795 7487 500 84 régionalistes
1369 7490 71 57 et
1488 7485 105 62 les
1669 7482 333 64 minima-

585 7595 200 62 listes
833 7593 89 63 de
976 7584 299 97 Flaudré
1313 7601 85 32 —
1426 7593 71 59 et
1562 7588 104 61 les
1705 7586 304 63 rendent

589 7698 82 60 de
706 7714 133 62 ce.
876 7674 129 99 fait
1060 7690 489 85 inopérantes.
1614 7688 225 94 Enfin,
1881 7707 150 62 par

544 7774 177 93 .une
768 7796 433 65 affirmation
1231 7785 349 90 intégrale
1614 7778 127 76 des
1783 7793 221 61 droits

550 7851 104 138 de
722 7919 130 45 son
916 7901 284 80 peuple,
1272 7902 74 66 et
1413 7898 70 59 la
1544 7892 459 65 réclamation

586 8021 180 64 pour
822 7985 113 81 lui
969 7999 209 63 d’une
1207 7984 370 76 existence
1617 7997 381 73 nationale,

584 8109 67 59 le
689 8106 470 63 mouvement
1226 8105 203 57 entre
1477 8098 176 63 dans
1719 8114 74 44 sa
1832 8095 171 82 pha-

587 8197 74 73 se
722 8205 396 65 définitive.
1160 8205 67 60 la
1254 8201 223 82 phase
1518 8200 496 64 nationaliste.

591 8308 114 65 Du
740 8307 247 65 succès
1015 8307 89 62 de
1144 8301 301 78 celle-là,
1479 8300 309 84 dépend,
1820 8317 184 66 pour

581 8413 111 61 les
723 8411 216 83 petits
1009 8382 291 114 peuples
1376 8405 318 82 conquis,
1736 8405 75 62 la
1851 8405 142 75 vie,

582 8531 91 46 ou
707 8518 67 61 la
810 8519 211 59 mort.

666 8616 126 78 Or,
838 8616 170 64 chez
1040 8617 67 61 la
1143 8615 282 80 plupart
1461 8611 126 63 des
1622 8607 375 89 minorités

582 8734 131 63 que
763 8739 91 45 ne
932 8717 549 67 reconnaissent
1543 8716 72 61 ni
1655 8716 68 61 le
1761 8687 235 108 Traité

581 8820 82 62 de
703 8821 394 66 Versailles
1155 8821 180 62 nila
1388 8813 290 67 Société
1719 8816 123 63 des
1865 8814 132 64 Na-

569 8923 218 79 tions,
881 8929 67 60 le
989 8922 502 78 nationalisme
1542 8915 452 87 autochtone

548 9014 136 94 -est
727 9026 116 66 né.
905 9028 62 64 Il
1026 9033 171 76 peut
1266 9020 291 66 différer
1617 9019 164 65 d’un
1818 9035 174 67 pays

581 9122 37 67 à
679 9128 270 78 l'autre,
1059 9112 561 99 d'organisation
1718 9138 96 48 ou
1908 9123 86 63 de

580 9232 393 75 puissance.
1046 9233 98 63 En
1180 9226 274 76 réalité,
1517 9229 53 60 il
1605 9232 110 57 est
1747 9228 72 60 le
1845 9228 149 60 mé-

530 9346 180 65 .me,
776 9335 574 83 profondément.
1410 9329 59 63 Il
1558 9346 75 46 se
1686 9325 305 66 réclame

553 9429 107 65 de
722 9439 222 63 droits
999 9439 437 79 historiques
1493 9449 94 46 ou
1615 9430 376 81 ethniques

582 9541 437 75 semblables,
1076 9537 368 67 d'intéréts
1517 9533 472 64 intellectuels

550 9635 162 89 très
800 9645 328 80 proches.
1221 9640 130 64 Les
1408 9630 582 71 revendications

587 9749 143 55 Sont
799 9746 87 63 de
913 9748 233 62 même
1220 9744 212 65 ordre
1481 9744 312 77 partout.

660 9840 289 72 Partout
1037 9850 379 71 d'ailleurs,
1492 9847 69 59 le
1632 9847 154 57 sort
1862 9840 126 62 des

581 9947 244 68 Petites
881 9938 463 80 nationalités
1397 9954 113 59 est
1578 9949 66 61 le
1703 9946 279 72 même;

582 10054 159 56 avec
797 10056 160 78 plus
1022 10074 94 46 ou
1186 10055 238 64 moius
1470 10052 92 62 de
1624 10042 355 78 brutalité,

547 10139 117 64 Où
700 10168 168 51 avec
892 10161 161 77 plus
1094 10176 95 48 ou
1241 10158 241 64 moins
1512 10154 88 62 de
1637 10168 188 55 ruse,
1866 10144 119 67 l’é-

548 10242 121 79 at
749 10264 265 60 central
1063 10261 195 74 tend,
1323 10275 141 46 aux
1517 10253 275 80 dépens
1855 10251 129 61 des

532 10336 416 88 éléments.
983 10363 387 83 allogènes,
1413 10357 39 65 à
1514 10353 467 65 l'unification

579 10455 338 79 tomplète
975 10466 125 63 des
1128 10462 460 86 populations
1635 10458 351 79 occupant

582 10557 112 55 Son
745 10563 377 66 territoire.
1177 10567 71 65 Si
1300 10569 70 60 la
1435 10563 325 82 Pologne
1823 10578 36 43 a
1902 10576 83 43 eu

549 10635 90 119 la
659 10657 348 89 schlague,
1043 10689 183 47 nous
1263 10685 231 47 avons
1533 10685 88 44 eu
1647 10665 68 61 le
1756 10676 229 68 «sym-

579 10739 208 83 Pole».
862 10765 92 65 La
1017 10771 322 66 réaction
1391 10774 173 77 peut
1626 10770 149 57 étre
1826 10763 157 81 plus

579 10856 81 51 OU
694 10866 229 64 moins
984 10876 298 76 tardive,
1349 10875 101 85 de
1493 10889 80 44 ce
1598 10869 127 64 fait
1762 10883 89 46 en
1905 10880 77 46 ce

540 11016 20 7 -
577 10958 299 70 Moment
893 10975 158 75 plus
1090 10994 94 45 ou
1248 10978 240 62 moins
1517 10971 458 81 importante,

577 11046 118 66 elle
756 11074 107 55 est
906 11084 284 67 partout
1250 11083 80 58 la
1380 11080 261 71 même,
1724 11078 95 68 et,
1859 11087 121 45 au-

520 11155 410 108 Jourd'hui,
1015 11196 53 60 il
1163 11199 323 81 apparaît.
1580 11193 398 66 nettement

548 11268 261 73 Q'elle
862 11297 110 56 est
1031 11295 39 64 à
1106 11319 137 61 peu
1280 11301 165 81 près
1483 11301 285 80 partout
1805 11291 170 65 arri-

539 11362 162 80 Vee
767 11399 86 45 au
889 11397 233 64 même
1200 11400 260 85 degré
1417 11395 49 95 :
1503 11421 91 44 au
1643 11399 329 64 nationa-

594 11480 180 70 _Sme

766 11527 122 44 JI...

1569 5026 93 42 un
1720 5006 290 61 homme

2043 8560 8 113 |

2076 5139 245 79 poirs,

2196 1252 315 68 D'autres
2567 1261 163 65 faits
2789 1270 480 76 rapprochent
3322 1289 210 46 enco-

2104 1373 79 44 re
2232 1357 104 60 les
2402 1372 505 54 mouvements
2939 1370 414 60 nationaux.
3398 1370 132 63 L'i-

2108 1454 273 65 dentité
2437 1458 83 60 de
2580 1461 191 63 leurs
2826 1465 446 63 adversaires
3303 1467 229 64 déter-

2107 1559 197 61 mine
2357 1556 162 61 chez
2616 1579 142 43 eux
2821 1583 137 42 une
3050 1565 301 62 identité
3446 1570 87 63 de

2107 1659 372 79 politique.
2539 1663 128 60 Les
2750 1662 332 66 Catalans
3139 1671 215 59 oules
3381 1666 156 65 Fla-

2108 1776 279 75 mands,
2430 1782 125 57 ont
2617 1797 37 43 a
2690 1782 241 75 lutter,
3002 1802 279 47 comme
3320 1804 209 59 nous,

2107 1882 246 55 contre
2381 1878 66 59 la
2490 1874 380 98 puissance
2885 1882 342 83 étatique
3269 1890 119 78 qui
3429 1891 103 61 les

2108 1977 255 71 brime.
2428 1976 115 69 Ils
2579 1989 128 56 ont
2758 2002 283 46 comme
3116 2004 179 45 nous
3336 1987 39 62 à
3412 1988 116 61 dé-

2075 2080 255 79 truire
2393 2081 104 61 les
2562 2081 334 84 préjugés
2929 2091 70 55 et
3057 2085 477 65 l'indifféren-

2106 2198 82 45 ce
2242 2183 87 61 de
2388 2184 368 84 beaucoup
2829 2188 89 85 de
2984 2191 194 59 leurs
3249 2193 297 77 compa-

2104 2286 284 77 triotes;
2453 2289 254 79 ilsont,
2765 2309 285 47 comme
3082 2291 167 64 chez
3312 2308 208 60 nous,

2104 2385 473 84 l'implacable
2647 2392 326 66 hostilité
3038 2396 124 62 des
3210 2396 325 82 puissan-

2106 2510 120 42 ces
2293 2492 336 82 d'argent,
2722 2496 425 66 accrochées
3213 2518 82 43 au
3347 2503 184 58 statu

2106 2609 171 63 quo,
2328 2593 38 62 à
2401 2596 318 63 vaincre.

2191 2694 95 63 La
2323 2696 203 62 tâche
2574 2705 111 57 est
2721 2701 187 61 donc
2962 2649 274 139 partout
3284 2703 66 59 la
3387 2703 145 61 mé-

2105 2813 158 45 me:
2332 2795 315 83 éduquer
2721 2803 68 59 le
2834 2804 261 78 peuple
3133 2808 71 56 et
3244 2803 99 61 lui
3373 2820 162 43 ren-

2108 2898 129 94 dre
2291 2892 74 68 sa
2420 2902 426 62 conscience
2884 2906 391 72 nationale,
3319 2902 212 63 d'une

2104 3006 209 81 part;
2381 3005 370 77 organiser
2776 3015 116 52 ses
2920 3005 243 64 forces
3220 3011 70 57 et
3334 3002 201 66 créer

2106 3101 130 64 des
2293 3106 445 80 organismes
2801 3108 90 63 de
2953 3111 125 60 vie
3142 3111 385 71 nationale,

2100 3203 278 66 d'autre
2445 3214 158 73 part
2643 3227 14 58 ;
2693 3208 169 64 chez
2921 3216 189 76 tous,
3171 3215 66 59 le
3285 3213 132 62 but
3454 3213 77 63 fi-

2106 3294 123 75 nal
2281 3315 108 57 est
2446 3311 620 65 essentiellement
3131 3316 86 60 le
3230 3318 296 59 même
3443 3290 72 108 :

2107 3408 180 84 faire
2358 3413 440 64 reconnaître
2840 3404 112 97 par
2951 3404 229 97 l’état
3238 3417 286 73 officiel,

2106 3511 222 76 d,une
2380 3513 205 82 façon
2673 3518 160 79 plus
2886 3536 98 46 ou
3055 3521 236 61 moins
3333 3536 198 45 com-

2104 3615 199 80 plète
2365 3618 285 61 suivant
2686 3620 103 60 les
2820 3621 552 75 circonstances,
3408 3637 135 45 ces

2106 3716 449 66 institutions
2601 3722 429 86 nationales,
3074 3739 180 75 pour
3303 3720 89 64 en
3420 3740 109 43 as-

2106 3818 209 65 surer
2383 3823 65 61 le
2480 3822 124 80 jeu
2657 3823 186 64 libre
2897 3829 73 57 et
3005 3822 211 82 légal.

2220 3920 288 65 Enfinla
2612 3926 237 60 même
2971 3913 555 92 préoccupation

2104 4023 187 61 tient
2334 4041 87 42 au
2458 4041 199 46 cœur
2715 4028 104 59 les
2878 4027 496 61 nationalistes
3439 4025 89 62 de

2083 4127 188 56 tous
2332 4126 103 60 les
2471 4126 217 78 petits
2737 4143 175 64 pays
2978 4144 88 41 en
3121 4124 254 64 réveil:
3423 4143 102 44 ar-

2103 4221 256 63 racher
2425 4223 511 83 l'intelligence
3001 4226 94 61 de
3162 4229 154 58 leur
3353 4244 175 61 peu-

2102 4324 121 75 ple
2282 4319 129 66 àla
2436 4326 272 59 culture
2760 4323 376 85 étrangère
3175 4324 346 83 imposée,

2101 4429 75 57 et
2203 4427 476 60 reconstituer
2733 4445 141 51 une
2921 4430 442 85 civilisation
3409 4448 114 43 na-

2098 4545 273 63 tionale
2445 4565 118 43 sur
2642 4548 69 61 le
2749 4551 227 62 vieux
3040 4549 208 63 fonds
3311 4551 218 61 racial

2099 4654 73 57 et
2233 4650 505 93 traditionnel.

2419 4897 319 66 L'union
2762 4900 137 63 fait
2923 4901 74 79 la
3022 4890 206 74 force

2184 5033 408 66 Similitude
2633 5038 92 61 du
2757 5039 574 75 sort,similitude
3352 5038 175 62 d'es-

2424 5138 389 64 similitude
2905 5139 342 64 d'efforts.
3353 5139 175 64 Cela

2095 5256 187 46 nous
2319 5240 93 62 lie
2440 5239 463 80 tous,Celtes,
2939 5239 582 78 Bas-Germains,

2097 5338 272 79 Corses
2425 5359 95 45 ou
2557 5338 479 89 Basques,par
3096 5332 250 76 dessus
3391 5362 136 46 nos

2094 5446 205 61 races
2322 5443 434 76 différentes,
2798 5447 412 80 par-dessus
3245 5450 106 61 les
3389 5448 140 62 dis-

2094 5551 249 58 tances
2381 5548 119 79 qui
2558 5565 186 65 nous
2784 5537 359 93 séparent.
3209 5548 116 75 Du
3373 5552 156 66 seul

2095 5646 133 66 fait
2255 5650 88 61 de
2383 5666 129 45 nos
2552 5651 432 77 existences,
3040 5671 117 43 un
3188 5654 146 60 lien
3371 5658 158 57 mo-

2093 5751 109 61 ral
2237 5767 183 47 nous
2490 5752 338 77 rattache,
2898 5759 72 65 et
3034 5770 361 64 personne
3433 5772 93 70 ne

2095 5859 177 74 peut
2299 5860 452 75 argumenter
2783 5860 262 58 contre
3068 5855 144 64 l'un
3245 5856 92 63 de
3390 5872 136 48 nos

2095 5961 505 58 mouvements
2639 5964 165 54 sans
2864 5956 391 83 s'opposer,
3289 5959 237 79 impli-

2095 6058 346 60 citément
2530 6059 349 80 toujours,
2983 6060 547 78 explicitement

2095 6158 241 61 même
2399 6161 464 77 quelquefois,
2940 6159 38 63 à
3041 6156 186 67 tous.
3305 6161 218 61 Aussi

2091 6259 111 62 les
2240 6275 325 81 marques
2606 6260 88 87 dé
2704 6254 435 114 sympathie
3178 6282 75 43 se
3281 6263 244 62 multi-

2093 6343 441 97 plient-elles
2573 6341 233 83 entre”
2831 6351 120 96 les
2990 6346 529 115 organisations

2094 6463 489 63 nationalistes
2624 6464 87 61 de
2769 6482 134 46 nos
2933 6482 200 64 pays.
3175 6463 90 84 La
3326 6466 197 81 large

2091 6569 164 76 part
2323 6583 132 63 que
2490 6576 182 56 nous
2710 6583 227 47 avons
2983 6566 326 81 toujours
3338 6566 185 81 faite

2081 6659 192 76 dans
2331 6685 130 46 nos
2543 6670 365 63 colonnes
2968 6668 40 65 à
3039 6668 283 65 l'étude
3394 6671 128 61 des

2094 6776 500 65 mouvements
2650 6760 397 75 nationaux
3107 6776 264 70 actuels
3411 6772 110 64 n’a

2092 6870 116 66 été
2239 6873 255 81 qu’une
2523 6875 194 79 juste
2755 6871 444 87 réciproque
3234 6876 127 64 des
3415 6864 104 75 ar-

2090 6977 232 75 ticles,
2388 6977 231 62 tantôt
2680 6977 352 77 amicaux,
3108 6977 230 65 tantôt
3399 6997 119 45 en-

2089 7074 459 97 thousiastes,
2563 7079 265 86 qu'ont
2864 7079 280 88 publiés
3184 7099 121 45 sur
3332 7095 184 49 nous

2085 7166 146 78 nos
2275 7182 401 62 camarades
2714 7182 85 62 de
2854 7185 220 75 luttes
3114 7177 261 71 Côrses
3423 7201 93 59 ou

2092 7280 401 66 Flamands.
2546 7266 209 82 Enfin
2796 7286 241 64 même
3098 7284 168 90 l'ère
3304 7275 212 75 d’une
3499 7262 78 116 |

2090 7387 199 80 prise
2316 7387 87 61 de
2424 7382 300 95 contact
2742 7390 158 80 plus
2931 7383 275 70 étroite
3242 7380 290 95 semble

2090 7495 341 69 ouverte;
2505 7507 183 46 nous
2759 7492 248 63 dirons
3074 7478 170 76 dans
3308 7485 209 70 notre

2075 7592 361 80 prochäin
2482 7591 301 67 numéro
2852 7600 368 58 comment
3250 7596 106 61 les
3394 7614 123 43 na-

2087 7686 406 88 tionalistes
2527 7693 348 79 flamands
2916 7704 130 57 ont
3082 7700 227 60 voulu.
3349 7714 168 46 con-

2088 7798 257 77 naitre,
2390 7804 70 57 et
2505 7805 129 58 ont
2666 7801 325 62 accueilli
3040 7803 105 70 les
3201 7802 313 64 nationa-

2087 7900 210 61 listes
2323 7900 299 64 Bretons
2669 7903 89 62 de
2788 7901 246 64 «Breiz
3071 7904 252 66 Atao».

2177 8000 116 64 De
2324 8008 181 57 cette
2526 8002 431 84 sympathie,
3000 8007 91 61 de
3128 8013 184 59 cette
3342 8009 176 62 ami-

2088 8099 100 66 tié
2230 8106 233 60 méme
2494 8123 88 42 en
2623 8107 305 61 certains
2977 8094 285 88 cas,née
3300 8127 216 63 spon-

2083 8202 375 79 tanément
2515 8212 204 56 entre
2799 8209 128 62 des
3006 8217 508 58 mouvements

2084 8303 415 94 parallèles,
2515 8303 184 94 nous
2742 8312 350 63 estimons
3154 8312 170 81 qu'il
3362 8314 156 64 doit

2083 8411 216 63 sortir
2330 8413 323 80 quelque
2709 8400 241 78 chose.
3028 8414 116 65 Un
3199 8417 315 82 organis-

2080 8530 128 45 me
2273 8529 336 48 commun
2678 8517 156 63 doit
2894 8535 184 46 nous
3127 8524 387 75 permettre

2082 8634 147 45 une
2261 8615 526 82 fréquentation
2846 8622 160 79 plus
3057 8621 266 79 serrée,
3371 8640 140 45 une

2081 8718 163 63 aide
2280 8722 265 60 morale
2580 8723 162 79 plus
2771 8719 313 68 efficace.

2167 8818 62 66 Il
2269 8828 109 56 est
2420 8823 416 81 dangereux
2883 8825 91 61 de
3035 8829 225 59 rester
3295 8824 210 66 isolé.

2080 8916 284 96 Chacun
2397 8925 95 66 de
2530 8942 134 46 nos
2691 8926 215 80 petits
2954 8930 320 78 peuples,
3301 8929 210 61 intel-

2077 9028 539 62 lectuellement
2654 9025 253 79 brimé,
2940 9027 115 64 n’a
3085 9029 84 61 de
3199 9030 308 63 fenêtres

2078 9136 340 56 ouvertes
2456 9148 117 43 sur
2607 9131 67 59 le
2704 9130 267 63 monde
3021 9147 136 63 que
3221 9149 128 62 par
3379 9131 128 64 l'é-

2075 9237 104 57 tat
2209 9233 291 61 central.
2543 9228 94 64 Le
2680 9232 506 63 nationalisme
3222 9252 91 43 ne
3352 9235 155 62 doit

2076 9350 127 65 pas
2245 9336 148 60 étre
2450 9352 92 43 un
2596 9332 218 63 étroit
2880 9334 433 79 repliement
3381 9354 125 45 sur

2073 9436 398 74 lui-méme,
2525 9435 180 63 mais
2781 9432 439 66 l'ouverture
3289 9436 212 87 d'une

2073 9539 122 61 vie
2222 9540 160 79 plus
2419 9540 193 79 large
2643 9543 73 56 et
2752 9536 209 62 d'une
3023 9536 265 82 pensée
3339 9539 161 78 plus

2074 9639 309 65 féconde
2420 9655 183 67 pour
2640 9637 318 64 chacune
2982 9640 90 62 de
3098 9642 134 60 nos
3267 9658 227 43 races.

2074 9743 300 86 Voyant
2405 9745 102 61 les
2546 9739 255 77 choses
2825 9739 39 65 à
2892 9748 279 57 travers
3213 9744 64 60 le
3313 9743 188 79 pris-

2072 9867 118 45 me
2223 9847 211 62 d'une
2473 9848 275 60 culture
2810 9842 377 87 étrangère
3235 9852 69 54 et
3367 9846 130 60 im-

2072 9936 249 98 posée,
2354 9950 303 63 nousles
2684 9964 288 68 voyons
3012 9949 164 61 mal.
3234 9946 94 80 La
3363 9943 134 78 fré-

2073 10055 419 82 quentation
2537 10051 91 62 de
2689 10052 324 79 peuples,
3093 10052 58 60 si
3197 10050 163 80 près
3382 10036 114 75 de

2070 10174 191 46 nous
2318 10151 125 85 par
2507 10156 159 60 leur
2724 10153 230 74 effort,
2996 10154 181 61 mais
3242 10153 60 61 si
3341 10152 155 62 loin

2068 10259 91 61 de
2199 10274 185 45 nous
2419 10273 124 63 par
2584 10257 249 65 larace
2879 10260 74 56 et
3010 10254 295 80 l'esprit,
3338 10271 157 63 per-

2066 10365 155 57 met
2279 10355 584 88 l'établissement
2934 10354 87 91 de
3112 10371 385 69 nouyeaux

2073 10464 247 78 points
2343 10462 86 62 de
2466 10457 520 83 comparaison,
3022 10464 136 77 que
3188 10457 308 64 n'ensei-

2069 10570 230 78 gnent
2326 10581 123 63 pas
2483 10565 106 78 lès
2635 10559 439 94 universités
3100 10560 193 64 crées
3327 10558 171 66 chez

2068 10686 184 43 nous
2290 10684 126 63 par
2456 10662 403 81 l'étranger,
2892 10670 71 54 et
3025 10661 214 83 qu'un
3274 10666 220 77 parti-

2067 10771 378 63 cularisme
2514 10771 163 74 trop
2726 10767 217 81 exigu
3002 10781 185 47 nous
3250 10769 246 78 empé-

2066 10871 385 63 cheraitde
2524 10869 392 62 connaître.
2986 10859 289 72 D'autre
3305 10874 181 75 part,

2061 10993 153 48 nos.
2254 10975 502 61 mouvements
2814 10975 130 60 ont
3010 10958 370 94 beaucoup
3454 10968 41 66 à

2041 11075 422 82 apprendre
2498 11075 103 60 les
2659 11092 130 43 uns
2827 11074 129 62 des
3016 11080 262 57 autres.
3337 11071 155 65 Des

2060 11181 529 61 circonstances
2631 11180 391 77 analogues
3053 11181 319 75 peuvent
3400 11194 91 42 en

2057 11283 88 61 de
2220 11277 406 63 nombreux
2685 11295 117 48 cas
2861 11276 438 66 déterminer
3361 11278 127 61 des

2055 11380 401 65 initiatives
2499 11379 403 78 analogues.
2961 11377 529 80 Indépendem-

2055 11488 211 60 ment
2302 11482 87 61 de
2427 11482 240 76 celles,
2709 11478 158 82 déjà
2902 11483 234 77 prises
3209 11499 86 42 en
3340 11477 143 63 l'un

3402 540 34 7 —
3456 541 219 12 —
3563 530 20 28 <
3615 530 63 28 ———

3612 669 92 45 ou
3740 654 248 66 l'autre
4018 660 85 61 de
4143 678 134 46 nos
4297 680 199 63 pays,
4566 671 121 76 qui
4729 678 312 72 peuvent

3612 755 229 61 servir
3865 757 503 81 d'expérience
4389 769 72 55 et
4481 765 401 85 d'exemple
4903 791 139 43 aux

3610 856 259 70 autres,
3914 858 49 60 il
3995 861 217 59 serait
4260 864 316 73 possible
4643 869 157 61 d'en
4833 890 206 59 pren-

3612 948 121 63 dre
3790 971 91 42 en
3921 974 339 46 commun
4316 976 120 44 sur
4469 964 106 61 les
4640 970 240 75 points
4919 972 117 77 qui

3613 1056 159 55 Sont
3850 1058 660 73 particulièrement
4605 1068 426 61 semblables

3613 1146 167 64 chez
3806 1169 132 45 nos
3978 1158 337 76 peuples:
4369 1155 338 71 situation
4747 1168 292 78 linguis-

3611 1246 196 79 tique
3848 1268 93 45 ou
3977 1260 224 56 autre.

3702 1347 60 60 11
3798 1348 150 65 faut
3997 1337 325 95 compter
4382 1371 86 43 en
4508 1362 158 74 plus
4698 1340 343 103 l'appoint

3616 1441 604 71 d'enthousiasme
4339 1457 70 54 et
4493 1457 88 59 de
4678 1462 361 62 confiance

3616 1557 91 61 qu
3713 1541 128 66 est
3877 1549 252 78 appelé
4172 1549 39 62 à
4249 1547 437 72 déterminer
4746 1563 103 58 les
4907 1563 131 60 mi-

3615 1640 241 64 litants
3895 1650 493 61 nationalistes
4418 1651 87 60 de
4577 1674 136 46 nos
4748 1677 290 45 mouve-

3616 1748 235 58 ments
3913 1749 67 58 la
4038 1749 511 64 connaissance
4616 1757 86 60 de
4739 1776 297 64 groupe-

3615 1849 236 55 ments
3884 1853 71 55 et
3984 1847 401 85 d'hommes
4422 1860 305 70 portant
4764 1877 85 42 en
4901 1877 139 44 eux

3612 1943 66 59 la
3702 1948 237 58 même
3969 1948 125 74 foi,
4137 1950 68 59 la
4242 1949 234 60 même
4507 1955 297 62 volonté
4842 1964 72 56 et
4935 1961 101 59 les

3615 2045 270 60 mêmes
3915 2047 382 72 doctrines.

3699 2140 223 77 Enfin,
3962 2144 436 81 l'existence
4424 2149 212 84 d’une
4682 2148 355 85 organisa-

3613 2241 153 65 tion
3808 2261 379 50 commune
4207 2251 442 80 permettrait
4685 2269 150 48 non
4888 2272 150 45 seu-

3612 2347 272 66 lement
3946 2349 124 64 des
4100 2349 368 83 échanges
4506 2354 101 78 de
4643 2372 164 60 vue,
4860 2358 177 62 mais

3610 2451 73 62 le
3713 2469 116 44 cas
3871 2449 321 80 échéant,
4237 2475 153 43 une.
4411 2451 359 84 véritable
4843 2474 194 57 coor-

3614 2552 326 66 dination
3988 2556 86 62 de
4141 2575 136 45 nos
4332 2557 270 78 efforts.
4669 2557 131 63 Les
4840 2577 197 46 exac-

3611 2656 192 62 tions
3871 2675 136 62 que
4044 2667 185 77 peut
4254 2646 422 92 commettre
4725 2679 94 43 un
4871 2678 165 64 gou-

3612 2765 430 57 vernement
4084 2765 273 60 central
4410 2767 247 58 contre
4724 2761 143 64 l'un
4914 2763 121 61 des

3614 2861 539 76 nationalismes
4205 2883 93 43 ne
4367 2864 442 81 passeraient
4882 2866 154 78 plus

3614 2966 421 80 inaperçues
4093 2984 143 44 aux
4302 2984 193 65 yeux
4565 2964 125 75 des
4761 2967 274 80 publics

3612 3068 367 76 militants,
4058 3085 93 45 ou
4227 3087 91 44 ne
4363 3067 474 82 risqueraient
4912 3085 121 64 pas

3612 3170 220 64 d'être
3884 3152 502 83 odieusement
4450 3168 401 66 déformées
4912 3187 125 65 par

3609 3275 66 85 la
3730 3291 246 64 presse
4031 3271 281 78 vénale,
4345 3289 161 47 sans
4563 3269 172 85 qu'il
4776 3270 258 65 s'élève

3613 3393 137 43 une
3788 3375 181 63 voix
4005 3392 184 63 pour
4229 3377 70 61 la
4334 3372 230 67 vérité
4597 3379 71 57 et
4712 3375 66 62 la
4834 3374 200 80 justi-

3612 3486 102 52 ce.
3749 3476 94 62 La
3878 3479 371 77 moquerie
4281 3476 156 83 qu'a
4471 3474 127 66 été
4644 3478 67 61 la
4762 3475 269 82 pseudo

3609 3576 578 65 flamandisation
4252 3581 87 60 de
4394 3576 484 67 l'Université
4947 3578 85 63 de

3603 3667 245 88 Gand,
3910 3694 92 48 ou
4014 3663 487 104 l'indignité
4514 3678 187 82 qu'a
4774 3677 112 86 été
4965 3681 67 60 la

3597 3779 599 79 transformation
4260 3783 89 61 de
4411 3778 474 80 l'Université
4923 3779 108 64 In-

3610 3881 368 64 dustrielle
4012 3884 314 62 catalane
4351 3885 91 61 de
4496 3883 414 77 Barcelone,
4943 3901 89 44 ne

3611 3984 319 70 seraient
3952 3983 183 79 plus,
4165 4000 95 44 ou
4289 3983 289 83 passées
4618 4003 165 69 sous
4821 3986 210 67 silen-

3609 4104 102 55 ce,
3765 4101 93 46 ou
3907 4068 419 95 présentées
4362 4060 517 117 impunément,
4906 4102 127 63 par

3608 4204 137 43 une
3827 4182 346 67 délirante
4265 4205 279 61 presse.
4603 4179 425 87 patriotarde

3609 4303 281 47 comme
3931 4287 127 61 des
4093 4275 463 89 victoiresde
4607 4288 84 78 je
4731 4306 88 42 ne
4858 4287 165 74 sais,

3610 4391 167 78 quel
3830 4390 244 81 esprit.
4136 4388 159 64 Pris
4336 4377 696 75 individuellement

3606 4509 134 46 nos
3763 4492 393 83 journaux,
4233 4507 134 48 nos
4404 4509 260 46 revues
4709 4492 319 71 nationa-

3607 4595 208 62 listes
3834 4593 473 84 n'atteignent
4334 4579 211 96 qu'un
4582 4594 243 82 public
4853 4594 175 63 don-

3608 4696 112 76 né,
3780 4695 520 66 n'influencent
4382 4694 216 83 qu'un
4665 4697 359 63 territoire

3609 4796 417 68 déterminé.
4073 4800 119 64 Du
4222 4797 294 84 jour:où
4553 4801 55 62 il
4659 4817 157 45 sera
4867 4813 158 66 pos-

3582 4892 207 74 sible
3826 4903 89 62 de
3943 4921 272 56 mener,
4258 4902 447 86 dans.toutes
4758 4904 104 60 les
4901 4901 127 81 pu-

3606 5004 385 64 blications
4019 5005 504 63 nationalistes
4581 5004 88 62 de
4707 5010 161 57 tous
4921 5004 103 60 les

3606 5123 177 67 pays
3812 5123 109 46 en-
3965 5105 251 78 réveil,
4270 5123 143 46 une
4461 5109 235 73 même
4750 5121 276 62 campa-

3608 5225 160 63 gne,
3812 5211 137 60 elle
4021 5208 363 84 atteindra
4441 5209 87 63 de
4581 5213 113 59 cet
4751 5206 127 64 fait
4927 5223 108 43 un

3608 5310 302 62 nombre
3938 5309 495 65 considérable
4464 5309 88 63 de
4577 5326 200 66 gens,
4820 5313 71 56 et
4917 5326 111 42 se-

3607 5429 74 45 ra
3720 5412 805 81 capable,frappantaux
4553 5417 247 76 quatre
4826 5410 207 61 côins

3608 5514 89 62 de
3733 5512 327 82 l'Europe
4106 5523 93 52 èn
4244 5517 236 62 miéme
4501 5520 286 76 temps,
4817 5510 209 64 d'une

3608 5614 355 65 influence
3994 5620 163 77 plus
4196 5617 274 66 sùre:et
4489 5620 175 79 plus
4681 5615 339 65 décisive.

3692 5706 59 75 Îl
3812 5717 271 64 s'avère
4159 5719 190 63 donc
4401 5737 135 62 que
4592 5722 82 61 la
4712 5716 313 66 création

3608 5817 162 63 d'un
3802 5820 411 81 organisme
4245 5820 88 69 de
4356 5820 263 68 liaison
4645 5832 201 49 entre
4864 5832 161 49 tous

3605 5907 103 74 les
3728 5912 506 73 mouvements
4254 5922 397 68 nationaux
4668 5921 89 63 de
4775 5918 253 65 l'ouest

3608 6020 301 81 Europe,

3603 6124 136 61 Tait
3775 6121 39 64 à
3859 6123 281 62 chacun.
4202 6126 90 72 de
4327 6136 120 57 ces
4493 6128 528 85 mouvements,

3607 6229 202 59 outre
3848 6226 123 61 des
4002 6216 884 91 avantages:intellectuels
4905 6242 125 61 par

3604 6330 78 59 la
3704 6327 456 81 fréquention
4229 6313 356 76 de~leurs.
4629 6329 241 62 divers
4905 6326 124 83 gé-

3605 6420 179 73 nies,
3855 6439 92 41 un
3992 6422 347 79 prestige
4369 6423 164 78 plus
4579 6422 250 81 grand,
4889 6429 138 53 uné

3600 6511 200 73 force
3840 6529 73 55 et
3951 6512 124 71 des
4111 6529 313 77 moyens
4448 6524 86 61 de
4558 6520 294 67 défense
4873 6525 154 79 plus

3604 6618 532 92 considérables.
4334 6632 113 56 ft

3685 6726 201 63 Nous
3949 6727 607 75 souhaitons:cet
4593 6710 428 100 organisme.

3602 6828 200 66 Nous
3840 6829 329 64 désirons
4231 6816 390 91 travailler,
4677 6846 181 47 nous
4896 6836 131 58 tra-

3598 6932 388 62 vaillerons
4025 6930 37 63 à
4084 6947 80 47 sa
4198 6930 448 67 réalisation.

4014 7145 254 103 Coude
4300 7158 50 63 à
4376 7160 240 66 coude

3682 7294 67 61 A
3794 7298 166 58 tous
4015 7298 104 60 les
4182 7296 329 76 hommes
4577 7299 119 79 qui
4735 7300 292 70 veulent

3587 7389 272 68 sauver
3910 7391 165 71 leur
4135 7384 254 96 patrie
4424 7401 123 61 des
4580 7391 444 91 impérialis-

3597 7517 176 55 mes,
3816 7497 38 63 à
3905 7505 161 60 tous
4106 7504 192 61 ceux
4356 7499 113 84 qui
4519 7506 425 62 travaillent.
4985 7503 36 64 à

3599 7601 328 65 airacher
3950 7605 70 61 le
4048 7592 215 94 génie
4286 7589 74 99 dè
4373 7589 178 99 leur
4580 7596 222 73 race
4729 7585 72 108 à
4829 7605 194 65 l'em-

3597 7704 193 79 prise
3821 7703 430 85 étrangère,
4260 7693 184 98 nous
4458 7689 399 106 adressons
4913 7709 109 62 cet

3600 7808 232 79 appel.
3860 7806 201 65 Nous
4090 7802 314 104 voulons
4415 7827 168 68 _que
4623 7828 134 46 nos
4789 7813 230 82 mains

3599 7925 74 45 se
3702 7899 309 75 tendent
4036 7912 104 63 les
4177 7896 201 79 unes
4390 7899 178 86 vers
4595 7898 110 79 les
4759 7902 254 105 autres,

3597 8016 69 57 et
3704 7995 292 96 qu'elles
4048 8021 85 65 se
4161 8004 434 103 rejoignent.

3683 8109 296 67 Chacun
4006 8117 109 61 de
4154 8133 134 47 nos
4324 8119 300 82 peuples
4650 8123 120 77 est
4803 8118 214 61 faible

3596 8205 650 93 numériquement.
4282 8218 108 86 Si
4414 8220 326 81 puissant
4766 8217 244 76 soit-il,

3596 8315 271 65 chacun
3906 8319 87 84 de
4024 8317 137 67 nos
4185 8312 505 89 mouVéments
4711 8322 122 62 n'a
4861 8318 153 84 qu'à

3593 8435 274 66 gagner
3911 8418 39 64 à
4010 8439 140 46 une
4190 8417 461 100 Coopération
4698 8441 176 45 avec
4909 8425 104 61 les

3595 8529 254 56 autres.
3909 8521 194 69 C'est
4139 8507 381 149 l'éternélle
4578 8525 304 64 histoire
4921 8525 90 63 du

3594 8622 352 89 faisceau.

3676 8724 60 66 Il
3757 8746 93 44 ne
3855 8680 247 149 s'agit
4151 8664 240 155 point:
4386 8660 117 133 de
4542 8698 286 95 fédérer
4888 8730 122 61 des

3591 8815 297 94 peuples
3944 8847 96 45 ou
4098 8831 129 61 des
4294 8817 521 116 organisations
4872 8832 135 77 qui

3585 8928 337 79 diffèrent
3958 8949 126 62 par
4131 8938 159 59 tant
4339 8922 103 72 de
4490 8930 279 80 choses.
4825 8932 183 64 Mais

3588 9047 182 45 nous
3796 9033 346 64 estimons
4184 9035 295 80 qu'elles
4515 9039 130 57 ont
4696 9052 195 43 assez
4923 9034 84 61 de

3580 9134 246 81 points
3909 9144 373 55 communs
4340 9148 182 69 pour
4578 9133 424 65 s'entendre.

3588 9233 190 64 Pour
3803 9236 152 60 cela
3981 9236 56 60 il
4073 9235 148 64 faut
4258 9256 118 44 un.
4400 9252 278 67 moyen
4731 9255 277 61 perma-

3584 9340 172 58 nent
3816 9336 89 61 de
3968 9338 613 63 communication
4621 9341 69 56 et
4750 9338 86 61 de
4875 9336 131 65 fré-

3591 9438 443 87 quentation.
4066 9437 203 64 Nous
4292 9439 300 62 n'avons
4616 9442 392 82 nullement

3579 9538 403 65 l'intention
4053 9536 391 87 d'imposer
4543 9558 142 50 une
4777 9547 228 76 forme

3581 9641 445 82 quelconque
4061 9640 55 64 ‘è
4154 9641 460 87 l'organisme
4651 9662 137 62 que
4822 9668 182 48 nous

3579 9758 427 66 proposons.
4048 9742 201 66 Nous
4278 9764 183 47 nous
4491 9752 512 73 contenterons

3580 9845 86 61 de
3701 9846 244 86 lancer
3978 9863 139 44 une
4157 9847 201 79 idée;
4416 9834 132 76 elle
4606 9848 199 67 n'est
4847 9853 157 82 déjà

3578 9948 156 78 plus
3774 9947 210 72 nôtre
4019 9949 205 77 après
4219 9936 162 121 ces
4390 9936 282 121 lignes,
4717 9962 72 56 et
4838 9956 168 74 c'est

3576 10050 67 61 le
3678 10049 258 62 travail
3955 10049 90 61 de
4072 10045 292 69 chacun
4377 10067 138 79 que
4541 10052 173 65 d'en
4740 10075 264 63 propo-

3579 10168 121 45 ser
3726 10168 145 43 une
3911 10147 436 83 réalisation:

3664 10249 444 82 Cependent,
4166 10254 50 62 il
4286 10264 183 71 nous
4516 10227 362 116 paraîtrait
4912 10279 88 43 au

3575 10355 314 78 premier
3926 10353 164 63 chef
4119 10356 324 88 possible
4513 10358 90 64 de
4644 10359 197 63 créer
4878 10379 122 46 en-

3575 10462 105 74 tre
3715 10459 104 61 les
3848 10462 507 58 mouvements
4379 10460 386 65 nationaux
4799 10464 201 63 d'Eu-

3574 10575 174 66 rope
3790 10549 600 85 occidentale,
4284 10545 128 102 un
4428 10558 288 69 Comité
4776 10565 224 66 Intér-

3574 10663 316 61 national
3943 10649 145 75 des.
4140 10658 381 67 Minorités
4572 10669 420 78 nationales,

3577 10761 339 85 composé
3953 10764 89 61 de
4078 10759 338 84 délégués
4472 10766 87 61 de
4634 10787 119 45 ces
4797 10788 201 47 mou-

3571 10872 356 70 vements,
3969 10882 73 46 et
4101 10881 80 46 se
4238 10859 407 73 réunissant
4683 10869 316 83 périodi-

3574 10976 358 74 quement.

3659 11069 195 64 C'est
3888 11071 443 61 maintenant
4354 11064 40 64 à
4432 11086 134 48 nos
4596 11064 223 74 frères
4868 11077 126 62 des

3571 11190 173 63 pays
3785 11172 364 78 celtiques,
4212 11167 39 63 à
4289 11183 133 48 nos
4462 11176 406 61 camarades
4908 11178 87 61 de

3572 11274 283 60 combat
3899 11274 87 60 de
4059 11270 322 75 Flandre,
4452 11273 89 61 de
4609 11272 249 80 Corse,
4902 11278 95 60 du

3566 11389 176 66 pays
3781 11374 264 78 basque
4082 11380 71 56 et
4191 11370 353 66 d'ailleurs
4585 11376 97 59 de
4737 11375 258 79 répon-

3567 11475 148 63 dre.
3768 11473 202 81 Déjà,
4004 11478 161 75 plus
4186 11490 137 62 que
4352 11473 125 64 des
4498 11477 278 78 espoirs
4811 11491 184 46 nous

3970 6049 86 18 —
4078 6014 218 79 sinon
4315 6033 29 60 :
4365 6023 158 82 plus
4559 6058 88 10 —
4706 6027 343 77 apporte-

5108 555 460 28 _————————------
5609 555 6 28 »
6235 555 15 28 —_—
6317 566 24 9 o

6256 954 285 63 Arburi

5189 1100 79 10 —
5294 1068 211 60 Morte
5533 1072 124 56 diu
5685 1073 289 72 giovanu
5998 1074 295 59 Juvanni
6335 1073 206 58 Bene-

5116 1157 182 59 detti.

6133 1255 404 75 Barchetta

5190 1411 77 7 —
5297 1381 129 57 Dui
5475 1384 202 60 Russi
5717 1388 179 59 hanu
5944 1392 410 57 assassinatu
6398 1390 141 56 l’in-

5116 1472 236 70 ginieri
5404 1471 293 65 Cadessu
5745 1500 38 37 e
5827 1481 179 57 hanu
6053 1481 180 58 firitu
6285 1503 40 38 u
6381 1482 156 59 bab-

5115 1561 108 57 bu.
5292 1563 387 65 L'assassini
5727 1562 86 68 sò
5858 1575 177 70 ,stati
6128 1576 282 57 arristati
6467 1575 69 57 in

5119 1651 241 62 Bastia.

6271 1800 260 62 Bastia

5189 1934 75 9 —
5293 1906 214 60 Morte
5547 1912 67 57 di
5667 1916 306 59 madama
6018 1917 191 60 Anna
6252 1919 287 57 Padova-

5117 1995 86 62 ni,
5252 2008 158 48 nata
5481 2002 282 60 Paolini.

5295 2087 369 66 Francescu
5686 2095 191 71 Villa,
5896 2098 74 60 30
5999 2100 185 70 anni,
6205 2102 126 59 tira
6349 2113 189 62 quat-

5115 2182 103 50 tru
5290 2180 174 71 colpi
5516 2183 68 56 di
5637 2186 357 67 rivultella
6048 2211 37 37 a
6151 2192 383 76 Ghiaseppu

5118 2265 285 125 Martini,
5467 2275 75 59 23
5568 2278 181 71 anni,
5799 2281 105 58 ma
5941 2303 62 38 u
6058 2304 256 40 manca.

6152 2393 387 66 Bonifaziu

5186 2533 60 11 —
5298 2500 227 69 Morte,
5560 2527 37 36 a
5644 2507 220 68 Nizza,
5897 2510 67 58 di
5995 2532 42 37 u
6080 2514 144 72 sgiò
6248 2513 291 75 Pasqua-

5114 2591 61 57 le
5213 2592 428 66 Orecchioni.

6332 2730 206 65 Corti

5187 2871 76 12 —
5295 2839 342 62 Prossimu
5729 2846 429 60 matrimoniu
6217 2850 66 56 di
6340 2870 43 39 u
6461 2850 77 59 ti-

5115 2941 200 48 nente
5366 2935 264 59 Antone
5683 2938 248 58 Andrei
5977 2938 83 61 cu
6121 2941 416 60 madamicel-

5114 3021 62 59 la
5224 3023 269 62 Andrea
5563 3028 264 60 Bonini.

5988 3159 548 65 Coti-Chiavari

5186 3299 75 9 —
5290 3270 212 59 Morte
5559 3273 67 56 di
5671 3294 43 38 u
5749 3275 144 73 sgiò
5929 3277 235 60 Achile
6218 3279 316 60 Andarel-

5110 3360 43 58 li
5209 3362 69 58 di
5334 3365 324 73 Lopigna.

6341 3498 192 64 Ersa

5183 3643 78 9 —
5289 3607 342 64 Prossimu
5687 3614 428 59 matrimnoniu
6157 3616 71 56 di
6290 3637 40 38 u
6387 3617 145 72 sgiò

5113 3697 430 66 Bartulumeu
5618 3703 179 60 Giuli
5886 3727 82 39 cu
5998 3693 70 84 _
6077 3710 454 58 madamicella

5111 3791 316 63 Carulina
5496 3797 422 62 Franceschi.

6100 3928 427 77 Guargualè

5182 4074 76 9 —
5292 4037 231 74 Morte,
5589 4064 38 36 a
5671 4045 283 73 Pariggi,
6012 4046 65 60 di
6135 4068 42 37 u
6249 4050 143 73 sgiò
6434 4049 100 59 Si-

5107 4150 201 40 mone
5366 4133 324 62 Barboni.

5704 4324 33 10 _
6288 4267 241 61 Muru

5178 4410 64 11 —
5241 4375 256 62 Morte
5550 4379 68 59 di
5665 4402 46 54 u
5758 4382 142 74 sgiò
5962 4383 187 72 Luici
6218 4385 315 61 Lanfran-

5106 4468 126 68 chi,
5260 4471 243 61 d’anni
5547 4474 96 73 84.

6318 4590 215 64 Renu

5179 4748 74 9 —
5277 4718 212 62 Morte
5516 4721 68 59 di
5614 4723 461 61 madamicella
6121 4726 204 60 Maria
6372 4726 162 60 Mat-

5101 4813 110 58 tei.

6220 4949 312 64 Venacu

5175 5111 78 9 —
5295 5076 212 77 Morte
5553 5082 67 56 di
5668 5084 304 59 madama
6016 5086 257 61 veduva
6302 5087 223 85 Bona,

5103 5168 219 60 d'anni
5384 5171 99 61 86.

6098 5306 434 65 Vescuvatu

5140 5459 113 22 —
5290 5436 234 70 Morte,
5588 5439 69 59 in
5710 5442 242 69 Bastia,
5993 5443 69 59 di
6109 5463 44 40 u
6183 5444 142 73 sgiò
6364 5446 168 58 Aus-

5103 5529 141 59 tinu
5293 5530 305 72 Mariani.

5994 5646 73 64 A
6119 5646 409 79 Vulpajola

5176 5794 79 8 —
5284 5759 215 60 Morte
5541 5762 69 57 di
5660 5764 305 83 madama
6041 5768 262 60 veduvà
6371 5769 162 59 Cac-

5106 5852 364 73 ciaguerra,
5540 5868 155 47 nata
5750 5860 186 71 Mari,
5992 5859 228 61 d'anni
6266 5877 107 61 79.

5021 6063 780 312 Nutizie
5844 6118 247 146 da
6119 6113 412 183 fora

5109 6357 362 78 Germania

5171 6474 65 7 —
5263 6434 50 61 U
5339 6433 253 77 guvernu
5622 6434 225 66 tedescu
5900 6451 72 52 ha
6003 6440 178 65 dicisu
6232 6456 57 49 di
6339 6456 192 54 ehiede

5104 6530 362 53 l'ammisione
5498 6532 56 51 di
5583 6548 31 36 a
5642 6531 291 58 Germania
5975 6552 72 38 ne
6090 6554 34 36 a
6167 6541 206 52 sucietà
6421 6543 57 50 di
6500 6558 31 37 e

5106 6616 226 51 nazione
5359 6630 162 39 senza
5550 6621 322 51 cundizione
5889 6637 71 38 ne
5988 6625 232 51 riserve.

5171 6729 65 8 —
5263 6700 61 52 Si
5376 6701 205 53 facenu
5630 6705 22 49 i
5706 6706 322 65 priparativi
6082 6724 99 53 per
6249 6712 281 52 l'elezione

5104 6775 371 74 pendenziale.
5508 6789 164 52 Vistu
5698 6805 41 36 u
5787 6805 135 51 gran
5965 6809 242 39 numaru
6259 6798 271 51 d'elettori

5107 6866 102 68 (39
5226 6872 217 51 milioni
5469 6874 19 66 )
5516 6875 20 48 i
5561 6875 243 53 risultati
5826 6879 50 49 si
5901 6884 411 59 preannuzianu
6339 6885 189 51 incer-

5089 6886 59 123 ti
5351 6950 11 8 €

5104 7074 285 54 Francia

5101 7243 60 52 in
5186 7248 355 65 cunsigliu
5465 7239 86 85 di
5569 7253 152 49 statu
5747 7257 194 63 contru
5968 7270 37 36 u
6036 7256 224 52 decretu
6296 7259 90 51 chi
6404 7273 122 37 mu-

5104 7330 161 52 difica
5287 7345 40 36 u
5354 7333 209 65 regime
5587 7336 311 54 scolasticu.

5167 7445 66 6 —
5260 7416 221 55 Risulta
5506 7420 81 51 da
5593 7421 307 54 l'inchiesta
5928 7428 190 61 aparta
6144 7428 68 48 da
6263 7443 34 34 u
6313 7364 210 136 'judice

5099 7501 287 53 istruttore
5406 7506 58 50 di
5491 7505 398 56 Valenciennes
5916 7512 111 61 chi,
6052 7524 69 38 cu
6148 7527 33 35 a
6209 7504 315 74 cumplicità

5100 7587 56 48 di
5190 7589 287 62 parecchie
5522 7592 232 66 banche,
5817 7594 299 55 l'evasione
6188 7598 74 50 d'i
6304 7599 219 64 capitali

5099 7671 277 54 francesi
5360 7689 63 36 in
5448 7665 216 78 Belgica
5704 7680 404 53 s'anmontanu
6150 7690 31 44 a
6215 7667 85 68 tre
6341 7684 182 66 migli-

5097 7758 119 50 ardi
5250 7758 151 64 dipòi
5428 7776 37 34 u
5485 7764 176 63 prima
5685 7765 287 67 jnnaghiu.

5162 7870 68 7 —
5246 7848 44 69 È
5317 7849 230 63 vulgare
5565 7848 187 64 paròle
5779 7850 54 49 di
5859 7851 221 52 Herriot
6121 7852 181 64 sopr'u
6345 7855 177 49 cattu-

5095 7934 222 51 licismu
5351 7936 299 48 scatenanu
5674 7947 115 37 una
5813 7935 262 66 battaglia
6129 7934 274 55 a'Camera
6445 7923 74 66 d'i

5096 8020 252 64 diputati.
5378 8019 48 50 U
5453 8020 253 61 diputatu
5734 8019 282 55 marchese
6044 8022 67 51 de
6139 8022 53 51 la
6212 8022 306 68 Ferronays

5094 8103 31 52 è
5149 8105 227 63 espulsu
5402 8117 171 36 manu
5598 8103 244 50 militari.

5092 8238 407 69 Inghilterra

5156 8371 61 6 —
5237 8328 37 64 È
5307 8342 185 49 mortu
5543 8340 143 51 Lord
5741 8339 230 67 Curzon,
6019 8342 310 55 Prisidente
6375 8346 56 51 di
6476 8362 41 36 u

5092 8425 288 66 Cunsigliu
5412 8426 222 65 privatu
5653 8439 30 37 e
5693 8420 168 106 capu
5915 8428 55 50 di
6024 8441 31 37 e
6079 8424 349 102 discussioni
6436 8432 1 8 a
6467 8433 48 49 a'

5091 8509 225 55 Camera
5342 8511 72 50 d'i
5441 8511 179 50 Lordi.

5088 8693 197 52 guerra
5321 8692 31 40 e
5373 8680 266 52 ministru
5668 8680 57 51 di
5749 8680 228 51 l'esteri.

5087 8814 206 52 Ytalia

5150 8928 67 10 —
5232 8901 67 49 În
5325 8900 283 50 occasione
5631 8900 62 49 di
5714 8914 41 35 u
5774 8900 70 52 VI
5859 8900 386 54 anniversariu
6275 8905 72 48 d'i
6383 8905 131 51 Fas-

5075 8986 77 63 ci,
5174 8998 39 36 u
5232 8984 151 50 Duce
5410 8984 72 50 ha
5501 8984 243 49 lanciatu
5771 8978 86 58 un
5890 8986 257 52 vibrante
6197 8990 315 65 messaggiu

5084 9083 32 39 a
5140 9070 20 49 i
5177 9069 231 51 fascisti.

5148 9182 46 8 —
5231 9155 25 48 I
5284 9152 136 51 reali
5440 9153 382 64 d'Inghilterra
5861 9156 49 49 si
5929 9157 61 50 sò
6029 9157 269 53 inbarcati
6324 9172 31 39 a.
6409 9158 102 54 Ge-

5083 9251 147 38 nuva
5254 9251 102 52 per
5370 9251 112 36 una
5500 9238 246 53 cruciera
5771 9238 60 54 in
5857 9242 429 55 mediterraneu.

5080 9362 248 64 Russia

5146 9486 68 11 —
5239 9456 90 54 S'è
5345 9460 241 66 iniziata,
5615 9473 39 37 u
5672 9458 69 52 22
5759 9474 205 52 marzu,
5991 9465 152 50 sottu
6180 9478 33 36 a
6239 9465 270 63 prisiden-

5081 9558 62 37 za
5168 9546 56 49 di
5247 9538 268 58 Zinoviev
5530 9549 35 45 a
5583 9546 245 52 sessione
5851 9548 255 63 plenaria
6124 9550 57 49 di
6223 9563 39 36 u
6299 9552 208 50 cumita

5058 9626 85 73 tu
5153 9630 308 49 esecutivu
5481 9630 55 49 di
5555 9645 34 35 a
5606 9633 150 49 terza
5774 9632 455 54 internazionale.

5083 9745 170 55 Stati
5279 9728 190 72 Uniti
5803 9775 13 5 -

5148 9860 67 7 —
5237 9833 52 49 A
5315 9832 257 52 viulenza
5598 9834 56 49 di
5672 9847 38 36 u
5731 9834 209 52 ciclone
5960 9834 93 52 chi
6081 9826 74 62 ha
6180 9837 143 51 fatta
6344 9852 163 52 pare-

5081 9916 121 51 chie
5226 9917 212 51 millaie
5463 9917 56 51 di
5544 9918 286 62 vittime,
5785 9912 48 72 è
5849 9922 149 49 statu
6028 9921 114 52 tale
6170 9923 91 50 chi
6277 9923 230 52 l'arburi

5081 10002 257 51 sradicati
5355 10004 62 49 sò
5435 10003 132 49 stati
5592 10004 323 65 traspurtati
5954 10019 33 38 a
6009 10006 98 63 più
6157 10007 55 50 di
6238 10004 67 53 80
6330 10008 176 53 chilo-

5077 10085 223 70 mitri.U
5315 10087 208 50 ciclone
5532 10087 75 50 ha
5628 10074 322 83 travérsatu
5974 10089 163 53 4.200
6154 10092 297 53 chilomitri
6469 10095 37 49 d

5005 10182 24 14 À
5076 10171 303 51 territoriu.

5078 10433 161 58 sont
5292 10431 294 79 permis,
5643 10438 94 71 et,
5798 10432 58 63 si
5912 10432 285 65 chacun
6260 10437 132 60 sait
6433 10436 69 61 le

5075 10519 338 105 vouloir;
5427 10519 183 105 nous
5630 10552 262 47 aurons
5931 10524 286 76 demain
6253 10538 66 61 le
6338 10555 167 65 syn-

5077 10632 184 66 dicat
5290 10635 128 63 des
5456 10637 287 85 nations
5778 10654 333 65 pauvres,
6173 10638 123 62 des
6332 10657 171 62 peu-

5075 10738 150 79 ples
5253 10740 303 75 soumis,
5599 10736 379 79 annihilés,
6020 10741 185 62 mais
6254 10741 117 80 qui
6408 10759 93 45 ne

5073 10840 293 63 veulent
5398 10842 162 79 plus
5604 10839 221 64 l'étre.

5157 10939 80 64 Et
5275 10960 82 44 ce
5393 10960 157 45 sera
5579 10944 192 61 aussi
5825 10943 277 64 l'union
6137 10943 126 61 des
6297 10942 205 63 hom-

5072 11060 151 43 mes
5281 11044 243 73 libres,
5603 11045 121 75 qui
5797 11051 126 56 ont
5989 11042 304 82 préféré,
6357 11063 145 43 aux

5075 11143 285 62 chaînes
5397 11141 157 62 d'or
5589 11140 429 83 étrangères,
6047 11148 69 59 le
6151 11145 131 63 dur
6308 11160 192 48 com-

5051 11244 137 61 bat
5222 11259 188 60 pour
5435 11243 156 58 leur
5616 11240 295 65 humble
5936 11248 287 75 peuple.

5681 11342 336 64 Maurice
6045 11343 366 65 Marchal.

5072 11455 249 84 (Breiz
5354 11460 185 61 Atos
5575 11493 89 9 —
5699 11457 195 63 Mars
5937 11460 216 81 1925).

5107 694 557 144 NUTIZIE
5752 697 155 142 DI
6000 634 596 206 CORSICA!

5167 7189 67 6 —
5261 7161 44 52 U
5324 7161 301 54 vescuvatu
5653 7167 58 49 di
5761 7164 330 71 Strasbourg
6138 7171 120 52 face
6305 7174 236 64 appellu

5155 8595 103 52 Era
5265 8581 189 67 statu
5479 8593 183 54 vicerè
5715 8596 67 51 di
5796 8595 208 63 l'Indie,
6054 8598 260 53 ministru
6367 8601 56 50 di
6482 8615 34 36 a

7519 552 288 28 unn
7876 552 20 28 i
7944 561 34 7 _

6894 685 327 111 Evviva
7275 721 53 71 a
7383 719 97 73 so
7515 683 290 136 faccia

6707 924 62 63 U
6798 924 314 85 diputatu
7144 924 351 63 alsazianu
7571 922 319 64 Aueber
7957 919 90 64 ha

6620 1025 270 84 parlatu
6922 1025 88 63 da
7048 1046 40 42 a
7125 1024 275 64 tribuna
7438 1024 69 62 di
7546 1045 39 42 a
7632 1021 301 66 Camara
7968 1025 79 59 în

6616 1125 329 65 dialettu
6985 1126 84 61 di
7087 1145 32 42 u
7156 1143 85 43 so
7264 1123 362 82 paese.Ha
7658 1123 233 63 dettu:
7924 1145 35 38 «
7992 1110 55 73 È

6618 1227 68 61 in
6747 1225 68 63 la
6852 1224 235 84 lingua
7126 1223 71 62 di
7271 1244 42 41 u
7371 1222 260 83 pòpulu
7696 1222 351 64 d'Alsazia

6618 1325 239 64 ch'e'vi
6893 1323 238 85 vogliu
7195 1322 287 84 prisintà
7536 1341 38 42 e
7638 1342 110 44 me
7814 1341 233 44 osser-

6617 1426 282 65 vazione
6935 1444 58 55 e,
7023 1430 204 79 postu
7268 1420 168 66 ch’e'
7445 1416 440 97 m’addirizzu
7961 1421 84 63 ad

6617 1529 138 61 ômi
6792 1526 110 63 chi
6946 1526 231 63 hannu
7217 1523 355 87 prufittatu
7620 1520 209 67 d'una
7866 1531 178 56 stru-

6615 1628 196 64 zione
6841 1628 383 85 superiore,
7295 1624 452 87 truvaraghiu
7812 1632 232 57 certa-

6621 1738 223 55 mente
6889 1750 38 44 e
6985 1728 408 66 cundizione
7462 1729 397 64 necessarie
7923 1748 124 66 per

6618 1850 155 45 esse
6811 1831 254 84 capitu.

6704 1930 56 64 E
6796 1932 194 85 parlò
7029 1940 104 57 tre
7161 1932 227 85 quarti
7427 1931 212 85 d'òra,
7707 1931 336 66 interrot-

6618 2041 71 55 tu
6748 2054 41 42 o
6819 2035 455 83 quistiunatu,
7309 2054 272 65 sempre
7640 2034 71 63 in
7749 2033 295 65 dialettu

6617 2133 27 82 (
6682 2134 70 60 in
6789 2136 226 80 patois
7047 2135 303 63 cum'elli
7414 2134 249 90 dicenu
7698 2132 346 64 l'imbicil-

6617 2230 49 65 li
6705 2234 20 81 )
6758 2233 85 66 da
6882 2234 209 66 Paltri
7121 2235 472 87 raprisintanti
7657 2235 69 64 di
7785 2233 258 66 l'Alsa-

6619 2334 129 64 zia.

6700 2434 211 66 Porta
6947 2438 242 85 paròla
7228 2438 70 65 di
7333 2462 43 41 u
7405 2439 265 85 pòpulu
7699 2439 128 65 die
7878 2460 161 65 pru-

6616 2537 225 65 vincie
6911 2538 521 88 ricunquistate,
7476 2540 286 66 Hueber
7798 2542 92 64 ha
7955 2541 85 65 ri-

6618 2637 105 66 cla
6736 2633 170 97 matu
6905 2633 49 97 :

6706 2741 60 62 1°
6810 2741 530 65 Mantinimentu
7369 2743 69 63 di
7490 2764 43 42 u
7575 2745 283 63 tedescu
7912 2764 129 43 cu-

6617 2859 108 45 me
6761 2842 236 86 lingua
7036 2842 308 66 ufficiale
7373 2853 291 56 accantu
7701 2866 42 42 a
7783 2867 46 41 u
7855 2845 184 63 fran-

6616 2961 156 63 cese
6856 2943 683 81 (amministrazione,
7564 2946 327 64 tribunali
7930 2949 27 81 )

6694 3041 70 62 2?
6793 3042 538 88 insignamentu
7381 3046 70 62 di
7489 3069 45 42 u
7587 3046 286 67 tedescu
7923 3069 119 43 cu-

6615 3163 108 43 me
6768 3145 235 84 lingua
7033 3144 306 67 ufficiale
7405 3168 37 42 a
7442 3147 311 67 listessu
7831 3151 209 64 titulu

6613 3245 198 74 che
6750 3241 63 94 u
6859 3247 339 66 francese.

6694 3344 70 67 3
6792 3347 490 68 Ricutamentu
7306 3351 93 64 d'i
7463 3352 397 68 funziunari
7933 3361 106 59 tra

6613 3446 393 67 l'Alsaziani
7034 3447 38 65 e
7097 3452 22 61 i
7146 3450 319 84 Lorreni;
7487 3454 217 86 quelli
7730 3456 310 65 vinendu

6612 3548 88 66 da
6762 3539 294 77 Francia
7127 3554 210 64 messi
7391 3575 85 44 ne
7548 3556 493 87 l'obligazione

6612 3649 335 88 d'imparà
6978 3668 41 50 u
7045 3654 307 66 tedescu.

6692 3752 70 63 4?
6816 3754 576 88 Incorporazione
7429 3759 89 64 d'i
7583 3763 318 64 cuscritti
7951 3784 86 42 ne

6612 3856 414 83 rigimenti
6979 3852 67 99 a
7064 3867 201 77 parte
7328 3861 70 61 in
7434 3862 297 65 serviziu
7786 3866 73 61 in
7921 3865 115 66 Al-

6613 3958 558 79 sazia-Lorrena,
7205 3970 158 55 éc...

6696 4040 296 81 Quandu
7024 4048 136 61 mai
7198 4048 23 61 i
7258 4047 362 66 carlattani
7648 4050 113 64 chi
7788 4051 22 63 i
7833 4049 204 65 Corsi

6611 4140 185 66 banu
6824 4145 327 66 mandatu
7188 4150 71 62 in
7296 4148 281 87 Pariggi
7638 4171 313 45 avaranu
7994 4173 42 43 u

6611 4251 312 57 siomacu
6987 4247 68 61 di
7127 4248 173 65 salle
7353 4252 342 64 a'tribuna
7751 4274 127 63 per
7962 4253 69 65 fà

6597 4342 244 65 simile
6878 4345 485 69 riclamazione
7392 4355 71 61 in
7488 4351 294 67 dialettu
7819 4354 218 66 isula-

6611 4466 92 42 nu
6724 4448 34 60 ?

6697 4531 139 66 Mai
6875 4532 70 66 di
6973 4537 161 79 mai,
7168 4538 249 84 parchi
7480 4551 109 53 ste
7645 4542 314 66 ciantare
7995 4563 41 45 o

6612 4640 78 59 sò
6733 4634 278 67 frusteri
7043 4661 204 45 cume
7288 4645 353 86 Giordan
7669 4666 42 45 o
7736 4641 294 102 Dumer

6611 4756 40 45 0
6685 4743 79 60 SÒ
6801 4742 111 114 più
6953 4743 259 96 pinzuti
7241 4766 81 42 ca
7344 4745 141 86 pali
7520 4740 305 103 scupini.
7865 4735 100 78 Di
7993 4771 44 42 u

6610 4858 204 48 corsu
6840 4843 60 63 si
6916 4863 87 43 ne
7019 4850 79 60 sò
7133 4835 416 79 diminticati
7581 4871 42 43 o
7664 4872 91 44 un
7791 4840 242 76 l'hanu

6609 4942 139 65 mai
6771 4938 353 102 imparatu
7171 4968 41 44 e
7255 4947 70 66 di
7361 4970 38 43 a
7461 4949 285 69 Corsica
7796 4954 238 68 hannu

6614 5045 289 66 misione
6940 5047 68 65 di
7047 5050 209 65 fanne
7294 5073 134 43 una
7456 5053 281 68 culunia
7795 5057 74 64 di
7903 5057 130 67 45a

6611 5146 246 66 classe.

6694 5249 128 65 Fin
6888 5252 125 64 che
7069 5253 174 67 dura
7315 5258 68 63 fà
7451 5259 283 67 virdura
7767 5263 18 63 !
7810 5283 114 47 ma
7965 5265 62 64 ci

6588 5344 420 74 truvaremu
7037 5376 38 44 a
7115 5354 661 93 l'appullatoghiu...

7604 5467 91 64 P.
7735 5467 84 64 di
7853 5470 91 61 B.

7285 5580 56 54 +
7340 5576 325 66 <e——

6653 5653 406 119 Archivio
7095 5662 353 145 Storico
7500 5664 93 111 di
7630 5667 361 114 Corsica

6665 5888 651 72 ‘Avemuricivutu
7347 5918 50 42 u
7431 5892 229 90 prima
7701 5919 328 61 numaru,

6615 5984 418 89 Ghinaghiu
7073 6014 184 67 1925,
7292 5999 70 63 di
7393 6000 666 85 stimpurtantissi-

6610 6106 115 44 ma
6778 6093 271 79 rivista,
7117 6099 353 79 publicata
7516 6104 88 63 da
7658 6122 41 46 a
7747 6094 288 76 Società

6621 6188 417 81 Tyrrhenia
7065 6199 73 62 di
7173 6199 276 68 Milanu
7468 6212 192 57 sottu
7678 6215 39 56 a
7746 6209 289 80 sapien-

6607 6297 72 57 te
6717 6293 358 69 direzione
7113 6302 71 62 di
7221 6322 51 43 u
7292 6307 432 80 prufessore
7762 6309 273 66 Gioac-

6585 6393 238 66 «chino
6848 6396 270 84 Volpe,
7144 6404 322 81 diputatu
7486 6430 114 51 a-u
7631 6412 404 78 parlamen-

6607 6498 100 59 tu.
6743 6495 179 66 Eccu
6949 6519 48 44 u
7022 6502 391 68 sommariu
7442 6512 69 62 di
7553 6518 103 57 sta
7694 6513 341 85 magnifi-

6611 6613 78 45 ca
6739 6590 488 89 publicazione
7264 6610 73 62 di
7380 6629 112 68 125
7533 6617 287 81 pagine:
7868 6616 165 69 Vol-

6605 6702 91 76 de
6717 6700 90 63 G.
6837 6700 271 70 Lettara
7126 6710 72 62 di
7219 6718 535 74 presentazione
7770 6718 267 66 —SoI-

6608 6805 109 58 mi
6735 6805 94 61 A.
6876 6805 90 63 La
7006 6807 319 85 Corsica,
7377 6818 237 64 studio
7668 6800 369 86 storico
7955 6796 86 102 —

6604 6902 286 68 Michel
6919 6909 87 65 E.
7048 6913 192 65 Esuli
7270 6916 40 63 è
7348 6922 422 79 cospiratori
7810 6925 227 63 italia-

6607 7008 73 79 ni
6735 7010 73 62 in
6860 7010 296 70 Corsica
7187 7016 541 107 (1630-1840)
7633 7012 39 115 —
7736 7026 298 87 Varietà

6577 7146 112 27 —
6711 7102 434 105 Recensioni.

6690 7200 317 80 Daremu
7041 7228 102 53 un
7170 7230 167 56 resu
7369 7218 231 74 contu
7622 7234 423 80 cumplettu

6603 7333 90 69 mne
6721 7327 315 57 unostru
7052 7328 365 76 prossimu
7440 7350 321 47 numaru.

6685 7415 602 89 Ringraziamenti
7309 7431 260 66 sinceri
7590 7454 38 43 a
7652 7437 25 60 i
7699 7436 332 66 fundato-

6601 7519 57 60 ri
6675 7520 78 88 di
6775 7521 407 71 l'Archivio
7205 7534 264 64 storico
7491 7536 74 62 di
7589 7534 299 69 Corsica
7911 7540 116 64 chi

6601 7620 154 66 sarà
6790 7643 139 46 una
6966 7630 407 67 ricchisima
7398 7637 306 65 miniera
7727 7641 73 61 di
7833 7642 193 63 studi

6601 7743 39 46 e
6676 7727 72 61 di
6787 7727 409 67 documénti
7235 7741 89 74 pa
7350 7756 48 43 u
7431 7739 127 79 più
7581 7758 185 65 gran
7793 7742 137 80 prò
7954 7744 72 63 di

6598 7846 40 44 a
6659 7828 218 64 storia
6915 7831 71 62 di
7023 7851 39 44 a
7093 7836 225 78 patria
7357 7835 247 70 Corsa.

7075 7954 385 60 —<-_

6645 8054 168 109 Per
6887 8043 65 124 u
7040 8030 299 142 Teatru
7405 8067 92 106 di
7548 8066 64 108 A
7669 8067 294 111 Muvra

6596 8194 205 53 Teatru
6822 8194 495 61 corsuambulante
7330 8205 74 51 du
7416 8203 58 54 U
7483 8203 519 69 Sampetracciu

6792 8323 195 74 Terza
7025 8327 133 80 lista
7188 8329 61 69 di
7287 8335 513 77 sottuscrizione
7733 8319 66 97 :

6661 8440 257 54 Ghiuvan
6936 8445 171 53 Petru
7132 8447 285 56 Lucciardi
7880 8455 72 53 20

6660 8509 262 51 Bastianu
6948 8512 218 54 Dalzeto
7888 8522 132 54 8.50
8006 8518 36 70 .

6659 8575 246 65 Olivieri,
6932 8582 223 62 spiziale
7188 8584 61 52 in
7265 8586 190 51 Aicciu
7881 8591 74 51 20

6659 8645 189 51 Renzu
6874 8647 256 55 Lucciani
7883 8658 71 51 10

6656 8707 294 70 Polverelli
7884 8726 72 51 30

6657 8776 240 69 Donadei
7882 8793 73 52 20

6655 8847 330 56 Marchesini
7002 8851 176 52 Paulu
7886 8859 72 54 10

7823 9001 200 55 438.50

6868 9060 183 54 Prime
7081 9063 139 52 liste:
7822 9069 202 55 434.00

6864 9205 182 54 Tutale
7064 9227 20 31 :
7821 9215 202 54 572.50

6594 9248 63 94 _
7114 9298 5 3 .

6590 9390 510 116 Centenariu
7150 9398 92 109 di
7293 9400 427 139 Pasquale
7761 9403 257 113 Paoli

6759 9598 23 5 -
6828 9552 107 63 Pè
6962 9557 411 74 apalma
7277 9548 115 98 di
7405 9580 54 43 u
7482 9561 275 65 P.C.A.

6753 9700 276 76 Siconda
7063 9710 135 77 lista
7197 9674 90 118 di
7320 9713 481 76 sotiuscrizione
7832 9737 18 49 :

6650 9834 187 53 Marcu
6871 9838 306 57 Pullunelli

6651 9902 277 55 Maistrale

6653 9967 246 63 Olivieri,
6945 9977 223 63 spiziale
7211 9981 62 50 in
7321 9982 224 51 Aiacciu

6652 10008 250 98 Ghiuvan
6961 10043 171 54 Petru
7170 10048 301 52 Lucciardu

6651 10100 262 70 Eugenio
6946 10109 265 55 Grimaldi

6651 10170 266 67 Capitanu
6943 10177 178 54 Mèmè
7164 10181 222 52 Monlau
7422 10181 204 66 (Corte)

6648 10238 206 53 Beretti

6648 10306 201 52 Pinelli
6896 10292 363 74 Ghiacumu
7214 10288 45 90 _

6651 10373 356 57 Antomarchi

6650 10439 412 69 Cacciaguerra.

6647 10508 233 54 Marsilli

6647 10575 60 52 B.
6739 10577 63 51 V.

6647 10643 86 52 Uz
6775 10651 371 52 antonomistu
7191 10653 177 53 dicisu

6647 10710 85 51 Un
6766 10719 154 58 prete

6647 10793 320 63 Vincensini
7000 10805 170 52 Petru

6845 10939 193 51 Prima
7082 10940 125 53 lista
7226 10960 21 30 :

7862 11014 33 51 ©
7896 10589 7 5 |
7874 10114 32 51 pn

7696 10894 303 171 se]
7906 10797 37 52 vw
7865 10728 100 50 RO
7865 10653 100 50 UE
7865 10586 100 51 UE
7865 10519 100 68 RO
7906 10453 36 46 x
7865 10403 100 26 6x
7865 10319 100 51 ho
7865 10244 100 76 co
7908 10181 37 47 x
7909 10128 38 37 S
7874 9928 73 159 dò
7908 9846 38 51 u

7834 11169 104 54 $

6851 11174 182 51 Tutale
7057 11195 23 30 :

6575 11259 1431 49 SE
7681 11255 172 62 PRE
7852 11255 156 62 RER

6616 11340 714 82 Aiacciu-Stamparia
7385 11342 70 62 di
7521 11347 72 59 A
7670 11347 287 64 Muovra

6574 11452 62 63 U
6666 11454 646 84 direttore-gerente
7345 11483 15 37 :
7442 11458 208 67 Petra
7690 11461 315 66 ROCCA
