8498 11776
589 5270 8 4 -
645 5253 47 46 1
721 5253 197 46 Pacee
943 5253 214 43 salute:

946 543 214 171 N
1239 532 410 178 Petta

736 861 108 50 Tra
875 869 31 40 e
920 849 372 72 piemimorie
1324 848 59 50 di
1414 859 34 39 a
1470 856 88 39 mo
1577 840 87 53 età
1677 837 307 54 innucente

664 946 56 51 A
744 944 113 64 più
870 944 153 56 viva,
1049 951 33 37 a
1105 935 103 66 più
1231 945 126 41 cara
1382 927 316 55 ebinadetta

665 1028 64 51 E'
753 1026 179 65 quella
966 1023 91 52 chi
1073 1021 83 51 mi
1187 1019 62 51 fa
1266 1014 165 56 turnà
1445 1011 236 68 prisente

664 1113 56 52 U
745 1114 249 48 custume
1012 1105 327 53 dumesticu
1358 1098 61 53 di
1435 1111 34 40 a
1488 1094 184 54 fètta.

688 1348 7 5 _
735 1290 56 50 A
808 1290 170 48 mane
998 1285 23 52 i
1037 1283 386 65 capudannu,a
1453 1273 194 66 temp'a
1663 1262 263 78 ghiornu,

666 1372 173 50 Tutta
856 1384 32 37 a
902 1367 253 65 famiglia
1174 1391 70 11 —
1264 1365 147 63 dopu
1421 1357 100 54 avè
1544 1356 218 78 prigatu

665 1453 74 52 In
779 1451 216 67 ghiegia
1012 1448 134 52 —si
1179 1445 252 68 strignia,
1466 1443 195 63 alegra,
1682 1436 241 61 intornu

668 1537 52 50 A
747 1535 200 51 babbu.
965 1531 61 65 E,
1042 1544 165 40 cume
1223 1540 233 55 ugnunu
1476 1524 120 52 avia
1613 1518 240 68 aguratu

704 1708 177 53 Pace
897 1722 38 37 e
952 1706 225 52 salute
1199 1701 74 65 (1)
1289 1702 68 49 ad
1379 1676 127 73 ellu.
1519 1696 66 53 ed
1610 1694 110 52 ellu
1740 1706 33 37 a
1785 1696 242 77 ugnuru

668 1821 74 8 —
765 1793 161 50 Fattu
947 1804 42 35 u
1012 1799 183 51 segnu
1221 1783 61 50 di
1312 1796 33 37 a
1361 1774 452 62 croce
1539 1770 56 84 —
1595 1774 217 62 adagiu
1818 1762 214 66 adagiu

668 1874 194 51 Babbu
883 1870 241 52 affitava
1156 1880 83 37 un
1282 1874 140 53 pane
1444 1859 128 63 (2),e
1590 1856 69 49 ad
1681 1863 82 37 un
1781 1860 107 52 per
1904 1859 120 71 unu

667 1957 155 49 Dava
838 1968 32 37 a
889 1965 60 53 so
959 1947 243 63 fètta,e
1220 1946 47 50 li
1279 1933 346 127 scrucchiava
1666 2047 10 9 ©
1638 1927 95 75 un
1695 2047 3 3 n
1755 1924 180 130 bagio.

739 2140 45 51 E
818 2140 50 49 ci
885 2138 156 62 parìa
1059 2133 98 49 chi
1180 2145 73 37 cu
1278 2140 35 41 €
1346 2139 61 37 so
1427 2122 143 50 mani
1559 2060 214 124 stesse

668 2224 113 49 Diu
798 2220 51 52 ci
879 2211 289 70 purghîssi
1195 2224 35 36 a
1246 2206 205 53 fètta:
1476 2215 32 38 e
1532 2200 55 50 di
1602 2197 102 65 più
1722 2206 207 40 ancora

674 2303 67 53 Ci
762 2304 174 54 desse,
960 2311 69 38 eu
1053 2310 38 37 u
1119 2308 67 37 so
1224 2291 180 51 fruttu
1421 2284 205 78 (3),una
1656 2277 306 68 prumessa

670 2385 72 53 Di
769 2381 180 68 grazie
972 2380 59 52 in
1055 2379 159 50 tuttu
1245 2372 207 61 lannu,
1480 2356 235 77 ghiuntu
1752 2360 198 59 allora,

715 2560 88 61 "A
834 2566 153 53 nimu
1022 2577 122 39 nun
1185 2561 100 62 fia,
1323 2558 235 61 dunque,
1587 2542 330 87 maraviglia

668 2652 110 53 Chi
793 2648 281 54 n'aissimu
1107 2659 37 37 a
1165 2642 173 53 fètta
1368 2640 61 61 in
1448 2632 295 61 rivarenza,

612 2737 11 7 '"
668 2735 178 53 Cume
860 2731 243 54 simbulu
1132 2739 167 49 sacru
1323 2723 59 51 di
1405 2727 33 46 a
1460 2716 257 66 famiglia,

664 2819 49 52 E
745 2817 243 53 simbulu
1010 2814 61 51 di
1094 2826 34 38 a
1154 2812 164 51 santa
1338 2803 396 55 Pruvvidenza.

736 2992 158 75 Ancu
911 3002 257 58 luntanu,
1196 3008 198 53 ugnun
1421 2990 150 53 vulia
1593 3001 34 37 a
1648 2984 138 61 soia,

667 3083 238 57 Casinnò
929 3080 359 55 frumbulava
1310 3077 110 51 una
1437 3071 258 67 prutesta.

666 3169 48 53 E
738 3183 102 52 par
854 3166 199 65 babbu,
1090 3177 35 37 a
1151 3158 302 73 mandalla,
1476 3168 90 40 era
1613 3165 110 38 una
1750 3147 168 80 gioia,

669 3254 46 53 E
738 3244 94 117 par
847 3244 131 117 noi;
999 3262 34 39 a
1057 3242 264 64 ricevela,
1340 3255 110 39 una
1473 3239 154 56 festa,

737 3426 85 63 Mi
846 3420 348 58 n'arricordu
1223 3418 59 50 di
1325 3429 41 38 u
1393 3382 97 83 mo
1507 3409 222 53 inchéètu
1762 3403 255 59 affannu,

668 3498 305 75 Quand'era
997 3520 33 37 a
1063 3502 219 62 studiu,
1310 3498 59 53 in
1386 3496 186 65 Pigna,
1600 3494 68 51 da
1702 3472 218 85 zitellu,

630 3637 6 3 _
666 3591 175 54 S'ellu
864 3578 283 75 tardava,a
1163 3584 177 53 mane'
1365 3581 23 51 i
1412 3578 315 76 capudannu

661 3677 95 51 Ad
771 3672 314 56 arricammi
1108 3684 34 39 a
1159 3666 208 55 fètta
1348 3668 78 50 ùn
1442 3650 352 65 moratellu.

735 3848 352 77 M'arricordu
1103 3870 112 39 cun
1236 3853 94 53 chi
1352 3848 284 53 divuzione

665 3917 55 81 A
743 3947 83 50 mi
848 3945 324 64 sgranava,e
1189 3945 111 46 cun
1323 3933 95 69 chi
1435 3931 140 80 gioia
1605 3931 60 63 in
1687 3927 156 65 visu,

665 4026 485 56 Dinticchiulendu
1175 4020 205 68 adagiu
1400 4015 141 67 ugni
1556 4025 262 56 vuccone,

669 4113 176 53 Cume
860 4111 227 54 s'ell'era
1105 4123 114 50 pan
1250 4105 59 54 di
1332 4100 269 73 paradisu.

740 4297 63 55 Si
827 4290 138 61 saria
990 4289 161 72 dettu
1192 4289 208 56 ch'ellu
1418 4284 279 67 s'ingullia

682 4385 217 51 inseme
933 4394 31 37 a
997 4394 34 37 a
1047 4362 179 87 fètta
1243 4379 88 47 un
1372 4371 156 53 caldu
1565 4366 355 76 nutrimentu

652 4457 84 62 Di
759 4471 43 46 u
827 4466 174 65 spirtu
1035 4462 59 52 di
1113 4457 290 69 famiglia:
1432 4467 32 40 e
1478 4465 77 42 ne
1587 4452 155 53 vinia
1779 4471 10 7 -

665 4540 108 62 Più
800 4548 233 53 tennaru
1055 4560 32 38 e
1125 4545 101 67 più
1251 4542 143 52 forte
1424 4553 40 39 u
1502 4536 345 55 sintimentu.

737 4710 198 64 Fruttu
956 4718 57 50 di
1042 4715 129 62 Diu,
1185 4706 56 58 ci
1255 4711 95 52 hai
1372 4709 312 54 cunsirbatu
1710 4706 141 52 sane

668 4803 298 54 Cuscienza
1004 4813 26 40 e
1050 4798 143 64 fede
1223 4795 88 53 tra
1335 4784 448 70 cuntenti
1574 4780 58 86 e
1631 4784 144 70 guai
1774 4780 44 86 !

668 4888 112 52 Par
801 4898 193 53 quessa
1007 4913 68 7 —
1097 4883 175 53 credu
1291 4907 38 10 —
1336 4877 326 67 riliggione
1680 4887 33 40 e
1728 4875 148 64 pane

667 4964 101 60 Un
805 4974 55 48 ci
892 4967 299 67 n'è,grazia
1223 4979 36 37 a
1278 4964 131 73 Diu,
1430 4962 246 53 mancatu
1710 4956 146 54 mai.

1368 5096 60 55 U
1446 5093 362 57 Babbuziu.

1186 5259 5 4 ‘
1217 5251 237 49 augurio
1500 5243 217 46 rituale
1768 5243 59 41 di
1854 5248 163 41 capo-

600 5316 211 64 danno.
1225 5314 5 3 |

648 5393 53 38 2.
728 5379 351 53 Schiacciata
1132 5375 272 69 (cugiola)
1427 5383 56 41 di
1523 5381 189 57 forma
1752 5375 262 47 rotonda,

597 5451 391 51 confezionate
1008 5453 106 45 con
1140 5447 116 50 fior
1281 5453 55 40 di
1358 5452 202 58 farine,
1588 5448 155 43 cacio
1765 5448 197 40 fresco
1986 5451 32 35 è

599 5518 299 53 zuechéro,
925 5524 149 41 cotta
1095 5522 67 43 in
1213 5522 163 42 forno
1396 5511 52 40 --
1472 5518 122 42 Una
1641 5514 377 44 costumanza

598 5594 157 42 della
794 5593 153 45 fètta,
975 5589 365 53 somigliante
1385 5586 123 42 alla
1537 5581 399 64 nostra,esiste
1956 5580 61 41 in

599 5661 151 41 certi
763 5657 160 51 paesi
945 5657 154 43 della
1124 5656 316 46 Sardegna;
1487 5661 96 33 ma
1619 5651 51 42 si
1690 5659 80 51 ne
1793 5649 225 57 compie

598 5729 43 40 ll
665 5728 162 44 ritto,
852 5726 193 41 invece
1075 5724 111 42 che
1208 5723 97 42 nel
1329 5718 329 52 capodanno,
1686 5714 329 51 nell’Epifa-

595 5795 122 43 nia.
748 5794 82 42 La
843 5792 354 43 schiacciate
1221 5785 474 64 sarda,chiamata
1716 5795 65 32 sa
1797 5785 216 64 gujata,

595 5847 245 71 rotonda
850 5856 323 50 anch'essa,
1203 5857 35 43 è
1263 5857 146 44 tutta
1448 5852 279 62 ricoperta
1771 5852 61 40 di
1849 5851 163 46 semi,

597 5927 368 60 raffiguranti
970 5918 72 73 il
1051 5924 202 51 grano,
1282 5923 233 47 augurio
1541 5922 69 41 di
1603 5913 411 61 abbondanza.

595 5982 213 56 Prima
832 5994 53 41 di
901 5994 292 41 affettaria
1215 5993 47 41 il
1287 5989 135 52 capo
1441 5990 56 40 di
1511 5975 251 80 famiglia
1786 5979 64 50 la
1874 5976 143 51 met-

598 6065 61 41 te
684 6072 36 34 e
743 6064 76 40 Ja.
827 6060 195 58 preme
1044 6052 95 50 aul
1161 6068 143 46 capo
1325 6059 94 54 del
1441 6044 237 59 figliuolo
1702 6054 313 54 maggiore.

596 6120 111 52 Poi
719 6126 63 44 là
808 6116 176 54 divide
1002 6129 63 40 in
1089 6115 162 60 parti
1275 6111 185 61 eguali
1483 6124 90 40 tra
1594 6123 25 40 i
1634 6121 279 50 presenti,

601 6197 72 40 -3.
694 6188 200 51 Conun
916 6194 343 43 sentimento
1285 6189 230 52 squisito
1539 6178 52 53 di
1616 6184 277 51 religione
1918 6187 119 42 edi

573 6250 368 77 gratitudine
964 6260 170 64 verso
1152 6263 60 40 la
1236 6249 400 74 Provvidenza,
1661 6258 64 41 in
1745 6251 271 47 Calenza-

593 6320 173 59 na,in
784 6321 250 51 Moneale
1058 6338 33 34 e
1114 6318 64 52 in
1203 6327 140 44 altri
1368 6315 156 60 paesi
1545 6326 43 41 il
1616 6323 149 51 pane
1795 6322 36 45 è
1860 6323 153 42 chia-

597 6399 161 42 mato
780 6397 223 42 talvolta
1023 6396 185 41 fruttu
1233 6395 59 39 di
1310 6393 123 41 Diu.

875 6507 867 96 o

969 6667 220 146 Una
1237 6667 407 207 Lettara

798 7011 311 65 Auversa,
1138 6997 50 69 li
1216 7020 77 47 20
1314 6991 357 88 jennaghiu
1695 7003 160 95 1925

1134 7120 225 78 Cari
1378 7118 373 103 fratelli,

686 7267 127 70 Sta
853 7267 197 82 mane
1076 7271 75 64 in
1186 7271 69 90 le
1296 7268 242 74 nébbie
1563 7281 37 53 e
1633 7271 73 65 lu.
1764 7269 255 67 freddu

599 7365 73 73 di
711 7394 41 42 a
806 7372 328 80 Schelda,
1169 7373 103 71 mi
1304 7359 307 100 -junghie
1667 7374 348 65 Muvretta

597 7495 92 44 cu
726 7472 342 65 l'articulu
1096 7472 76 92 di
1208 7474 112 63 ziù
1348 7471 209 67 Santu
1535 7467 52 101 !

688 7573 60 64 E
777 7572 230 66 subitu
1041 7574 100 62 mi
1178 7573 276 65 ricordu
1510 7564 225 95 quelle
1779 7576 239 85 passi-

571 7658 271 103 ghiate
877 7673 136 63 fate
1051 7693 135 44 cun
1227 7672 137 65 ellu
1379 7693 48 44 e
1460 7675 229 85 quella
1727 7681 293 87 surgen-

601 7784 69 56 te
708 7792 270 65 sempre
1014 7760 258 92 fresca,
1296 7769 281 122 limpida
1614 7796 36 43 e
1687 7779 336 124 pivarosa

599 7875 238 65 ch'era
870 7894 40 43 a
936 7891 78 55 so
1051 7875 558 73 cunversazione.

689 7975 59 63 E
795 7984 154 54 uso
994 7974 277 65 stille
1203 7970 86 102 è
1284 7975 297 67 cume-a
1617 7999 78 45 so
1735 7980 294 88 lingua,

599 8077 272 77 chiaru,
899 8074 335 89 semplice
1259 8097 38 43 e
1325 8076 319 83 animatu.

688 8174 110 64 Da
834 8174 195 88 ch'un
1082 8183 343 77 stampate
1458 8196 36 43 e
1529 8197 77 46 so
1641 8186 273 80 opare?
1948 8185 67 61 A

596 8276 290 62 Muora
918 8274 93 64 mi
1050 8282 172 75 pare
1259 8276 445 84 capacissima
1738 8264 275 83 d'intra-

598 8373 267 85 prende
896 8372 95 63 tal
1027 8393 194 47 cosa.

689 8471 111 65 Ed
834 8492 109 57 eu,
983 8471 89 67 da
1098 8476 127 83 più
1262 8475 69 64 di
1352 8470 323 75 vint'anni
1745 8484 275 64 scalatu

599 8574 74 63 in
714 8580 109 56 ste
853 8573 313 85 pianure,
1206 8576 231 65 umide
1471 8598 109 46 ma
1622 8572 213 76 senza
1884 8585 162 63 zin-.

601 8672 538 78 zale,dumandu
1177 8676 94 63 un
1297 8676 173 67 altra
1507 8677 157 69 cosa
1707 8707 17 37 :
1756 8684 119 64 chi
1908 8685 114 63 ziù

599 8771 227 64 Santu
851 8770 169 80 lasci
1056 8775 249 65 scritta
1338 8775 70 65 di
1441 8797 77 45 so
1545 8785 279 82 proprie
1877 8804 146 44 ma-

597 8890 100 73 nu
747 8889 136 44 una
914 8875 453 79 grammatica
1405 8896 37 44 e
1475 8899 90 44 un
1636 8874 386 75 vocabula-

599 8972 117 60 riu
743 8970 204 77 corsì,
987 8970 71 62 di
1093 8992 285 47 manera
1408 8977 108 62 chi
1549 8985 87 59 nò
1671 8985 345 80 possimu,

598 9069 126 64 noi
759 9067 262 64 luntani
1046 9070 191 67 dalla
1296 9074 225 66 Terra
1580 9081 201 82 degli
1863 9084 161 64 odii

587 9171 313 77 tenacci
922 9188 43 52 e
984 9170 124 62 dei
1115 9172 307 83 fervidi
1459 9184 252 58 amori
1736 9183 308 81 quandu.

602 9266 66 63 ci
706 9286 92 42 ne
820 9284 166 45 vene
1020 9269 265 84 voglia,
1311 9274 219 64 scrive
1563 9275 69 64 in
1668 9289 215 56 corsu
1900 9292 122 54 ve-

600 9386 89 43 ru
726 9385 42 44 e
803 9365 206 64 no'in
1022 9387 212 47 corsu
1270 9371 354 66 cianfrese.

691 9467 46 59 A
770 9460 364 118 cingnania
1164 9468 365 66 chilomitri
1559 9473 85 67 da
1670 9484 122 78 quì
1807 9481 214 63 esiste

601 9585 101 43 un
748 9546 177 98 amicu
948 9612 72 15 :
1048 9550 299 81 Michele
1382 9570 83 61 di
1502 9571 389 85 Bônifaziu;
1951 9579 70 64 di

601 9668 210 57 tantu
841 9662 313 82 intantu,
1207 9686 132 64 par
1362 9668 401 85 telefonu,ci
1829 9678 191 66 femu

602 9781 143 42 una
785 9711 376 130 discursata
1191 9762 84 84 in
1289 9766 236 63 corsu.

691 9857 155 64 Una
878 9857 184 67 volta
1098 9882 49 43 a
1181 9862 362 67 damicella
1578 9871 93 62 mi
1729 9863 292 78 duman-

602 9956 122 76 dò,
794 9957 274 82 quandu
1114 9960 303 66 ebbemu
1450 9963 215 68 finitu.

694 10104 84 13 —
813 10054 244 91 Quelle
1080 10074 285 86 langue
1373 10098 364 50 avez-vous
1797 10088 235 82 parlé,

602 10166 410 62 monsieur
950 10162 78 92 ?

662 10299 123 28 ~—
818 10276 98 64 La
947 10279 265 85 langue
1247 10249 352 133 maternelle
1677 10293 90 67 de
1791 10296 234 83 Napo-

607 10378 194 74 leon,
830 10377 453 80 rispundedn.

697 10489 418 65 Mandatemi
1137 10495 498 76 L’Almanacu
1656 10483 176 88 di
1768 10479 81 97 A
1860 10506 172 62 Mu-

606 10612 171 46 ora.
823 10587 286 64 Scusate
1150 10611 45 44 a
1258 10610 112 42 me
1433 10594 344 80 scrittura,
1856 10601 172 62 fatta

541 10746 19 28 _
606 10695 300 81 apposta
946 10707 97 43 un
1110 10686 421 85 po'stramba
1589 10688 163 82 per
1810 10697 243 79 piattà

606 10787 296 74 l'errori,
936 10807 39 41 e
1002 10807 40 42 e
1069 10787 148 63 fòte
1234 10786 245 62 dicenu
1511 10786 24 60 i
1560 10789 334 63 marinari
1920 10809 112 43 ca-

607 10886 307 90 picusini
946 10884 72 65 di
1052 10883 402 85 Marseglia.

701 10985 206 67 Tanti
946 10984 221 64 saluti
1218 11005 42 42 a
1311 10983 110 63 ziu
1453 10980 210 66 Santu
1720 11004 40 43 e
1833 11002 201 45 cara-

611 11095 297 61 mente.a
938 11083 119 65 boi
1087 11085 191 64 tutti.

1067 11205 402 81 Anghiulu
1490 11206 452 65 Francescu.

2077 1663 58 74 «
2178 1670 330 68 coupeur:

2490 474 1921 290 CIVILISATION

2095 977 218 74 Une
2385 974 374 73 séance
2832 962 613 87 mémorable
3507 962 61 69 à
3659 957 94 72 Ia
3810 953 504 76 Chambre
4373 952 177 74 des
4618 905 416 133 députés

2179 1254 191 62 Avec
2437 1269 135 44 une
2642 1246 379 84 éloquence
3075 1259 157 45 rare
3300 1242 69 58 et
3428 1252 90 43 un

2100 1352 320 67 mordant
2505 1343 542 70 extraordinaire
3117 1340 69 62 le
3273 1337 254 81 député

2102 1455 245 78 Doriot
2379 1475 42 41 a
2442 1450 359 73 dénoncé,
2827 1443 93 64 du
2942 1441 177 64 haut
3147 1438 85 61 de
3268 1435 67 64 la
3400 1432 115 64 tri-

2100 1558 206 75 bune,
2333 1552 105 62 les
2476 1550 257 62 saletés
2760 1564 135 65 que
2926 1560 132 64 par
3082 1537 68 64 le
3202 1506 198 93 canal
3431 1532 92 63 du

2588 1647 86 62 de
2773 1649 173 56 têtes
3027 1636 295 80 Liautey
3358 1655 37 37 »
3449 1667 75 9 —

2099 1774 272 46 comme
2380 1753 93 61 le
2523 1763 277 48 nomme
2837 1733 474 72 l'Humanité
3340 1769 88 9 —
3453 1731 69 64 la

2103 1854 267 65 France
2405 1843 377 87 accomplit
2815 1859 90 46 au
2940 1836 263 66 Maroc.

2182 1954 139 62 Par
2346 1973 80 42 ce
2451 1949 119 85 qui
2620 1965 78 44 se
2724 1951 218 55 trame
2995 1938 87 61 de
3140 1941 154 58 nos
3321 1926 202 126 jours

2097 2042 92 76 au
2219 2055 180 82 pays
2450 2040 560 72 d'Abd-el-Krim
3048 2059 93 60 on
3195 2042 165 78 peut
3408 2029 106 120 ju-

2035 2144 303 95 [gerde
2385 2150 70 62 la
2534 2143 325 66 sincérité
2929 2127 94 71 du
3084 2128 251 90 peuple
3405 2132 120 85 qui

2100 2207 278 132 prétend
2437 2267 83 44 se
2567 2251 280 55 trouver
2886 2259 30 39 «
2947 2242 42 57 à
3025 2229 334 76 l'ombilic
3436 2231 98 119 de

2101 2354 65 64 la
2196 2347 426 69 civilisation
2655 2363 68 41 ».

2166 2445 221 95 Voici
2397 2384 398 149 d'ailleurs
2851 2457 128 46 ce
2970 2456 160 65 .que
3185 2399 174 99 nous
3423 2431 104 64 dit

2102 2557 84 62 de
2222 2572 127 46 son
2386 2555 177 81 pays
2600 2544 69 64 le
2687 2542 251 84 député
2966 2533 289 69 Doriot
3198 2529 57 111 :

2163 2676 47 50 «
2235 2675 151 59 Par
2409 2671 79 59 la
2540 2662 402 66 convention
2988 2656 538 74 franco-britan-

2099 2770 209 72 nigue
2352 2764 99 60 du
2497 2760 51 60 8
2591 2757 186 61 avril
2802 2770 181 60 1904,
3035 2751 75 60 la
3149 2751 265 59 France
3476 2767 50 39 a

2101 2859 431 75 abandonné
2552 2854 65 60 le
2627 2848 255 78 peuple
2910 2844 317 75 égyptien
3255 2843 47 61 à
3354 2842 176 59 l'im-

2090 2948 404 96 périalisme
2513 2939 280 103 anglais
2837 2947 71 53 et
2929 2938 478 74 l'Angleterre,
3439 2954 86 41 en

2098 3052 250 71 rétour,
2376 3042 109 60 lui
2506 3033 49 68 a
2572 3053 299 45 reconnu
2889 3032 65 60 le
2975 3031 189 60 droit
3186 3021 89 69 de
3307 3027 220 62 main-

2099 3140 178 60 tenir
2292 3136 64 61 le
2380 3129 577 78 régimeexistant
2969 3144 100 40 au
3094 3123 256 70 Maroc.

2171 3229 441 74 L'Espagne,
2631 3222 127 76 qui
2777 3208 278 71 n'avait
3068 3225 144 65 pas
3242 3217 113 55 été
3372 3232 148 52 con-

2094 3326 217 63 sultée
2341 3331 145 65 par
2508 3319 76 60 la
2634 3304 265 72 France
2940 3317 72 52 et
3053 3308 473 73 l'Angleterre,

2093 3441 74 40 se
2191 3414 236 79 voyait
2453 3418 305 64 octroyer
2774 3395 142 84 par
2965 3408 179 54 cette
3193 3400 342 63 conventi.

2095 3525 86 51 on
2234 3512 240 64 Ceuta,
2520 3499 268 64 Melilla
2835 3503 72 52 et
2947 3494 303 61 certains
3308 3495 224 72 presi-

2032 3615 4 5 |
2094 3607 174 61 dios.
2288 3603 117 60 Au
2431 3605 202 52 cours
2658 3592 87 83 de
2769 3590 73 61 la
2869 3592 222 56 méme
3116 3590 222 73 année
3364 3600 166 59 1904

2094 3698 117 85 des
2239 3684 476 115 négociations
2713 3668 255 89 furent
2999 3662 339 110 engagées
3362 3697 172 41 avec

2093 3792 369 124 l'Espagne
2522 3782 129 74 qui
2700 3773 264 65 adhéra
2998 3762 536 99 publiquement

2093 3896 45 58 à
2179 3885 314 66 l'accord
2513 3884 299 69 de-1904
2852 3880 70 59 et
2955 3882 129 74 qui
3130 3887 396 71 s'engagea,

2100 3994 170 53 avec
2296 3985 75 58 la
2394 3981 299 70 France,
2722 3981 46 58 à
2794 3984 341 87 respecter
3156 3975 382 75 l'intégrité

2079 4082 100 58 de
2206 4077 315 77 l'empire
2538 4069 344 82 chérifien.

2168 4173 190 59 Maïs
2381 4170 103 59 les
2520 4168 443 86 diplomates,
2977 4175 147 63 bar
3184 4182 133 41 une
3369 4179 159 42 ruse

2087 4265 236 73 pleine
2355 4259 456 76 d'hypocrisie
2826 4266 71 78 et
2906 4259 91 60 de
3022 4255 363 62 mauvaise
3414 4254 116 71 foi

2091 4358 206 71 firent
2320 4355 235 79 suivre
2598 4359 171 54 cette
2818 4350 434 61 déclaration
3297 4345 230 76 publi-

2080 4442 250 82 blique
2346 4460 146 64 par
2512 4467 136 40 une
2672 4434 406 87 disposition
3105 4443 251 77 secrète
3381 4459 155 40 aux.

2097 4545 244 59 termes
2367 4544 90 59 de
2476 4539 324 77 laquelle
2817 4538 74 60 la
2930 4534 271 64 Francè
3249 4539 70 55 et
3339 4524 184 70 l'Es-

2086 4629 240 82 pagne
2355 4656 76 41 se
2474 4633 498 78 partageaient
3018 4630 104 60 les
3166 4637 209 58 terres
3425 4625 97 62 du

2092 4732 237 60 sultan
2356 4722 177 69 dont
2557 4729 165 61 elles
2748 4724 532 86 proclamaient,
3325 4720 74 72 d"
3398 4716 125 64 au-

2096 4832 100 54 tre
2203 4831 193 67 part,
2427 4824 77 59 la
2529 4807 498 102 souvèraineté.

2174 4933 50 31 «-
2245 4918 108 61 On
2380 4901 425 81 commettait
2826 4911 190 62 ainsi
3051 4929 96 41 un
3183 4896 337 72 véritable

2061 5078 10 9 |
2095 5012 119 60 vol
2233 5013 46 72 à
2323 5012 229 73 égard
2591 5010 89 59 de
2704 5007 70 61 la
2826 5007 244 61 nation
3097 5001 416 62 marocaine.

2174 5120 37 31 «
2237 5104 134 61 Les
2393 5104 278 60 voleurs
2712 5121 87 42 ne
2848 5097 490 79 s'entendirent
3375 5092 144 75 pas

2094 5205 189 54 entre
2350 5218 157 66 eux.
2545 5196 409 73 L'Espagne
2977 5189 352 78 prétendit
3380 5204 138 58 que

2091 5313 111 39 ses
2225 5293 225 60 droits
2482 5290 415 73 historiques
2920 5285 329 61 auraient
3269 5281 94 88 dii
3416 5279 105 92 lui

2072 5382 249 64 ‘valoir
2342 5404 140 43 une
2497 5389 177 70 part
2688 5381 366 61 meilleure.

2172 5494 35 31 «
2227 5478 133 60 Les
2383 5473 485 77 impérialistes
2909 5467 398 78 espagnols.
3337 5468 178 72 s'ap-

2085 5575 337 70 puyèrent
2444 5590 123 41 sur
2617 5564 461 76 l'Allemagne
3129 5563 126 74 qui
3299 5565 219 69 ayant

2093 5669 112 55 été
2230 5669 276 65 écartée
2523 5664 99 67 du
2639 5651 300 86 partage
2951 5658 178 61 était
3150 5661 185 53 toute
3378 5653 136 59 dis-

2082 5754 210 78 posée
2319 5760 47 58 à
2392 5751 354 124 accueillir
2774 5754 99 60 les
2915 5750 310 75 plaintes
3276 5747 87 59 de
3387 5765 128 40 nos

2089 5852 278 59 VOISINS.

2171 5958 35 32 «
2232 5946 209 60 Ainsi
2461 5943 65 60 le
2551 5941 238 62 Maroc
2821 5937 330 62 devenait
3174 5955 132 42 une
3321 5943 195 78 pom-

2091 6131 187 62 listes
2303 6138 71 52 et
2396 6131 176 58 nous
2595 6110 446 110 rapprochait
3069 6123 90 61 de
3176 6110 73 73 la
3272 6128 245 69 guerre

2091 6224 370 61 mondiale.
2499 6220 174 60 Tous
2697 6240 125 40 nos
2870 6216 210 72 acfes,
3117 6237 95 38 au
3250 6216 260 70 Maroc,

2091 6326 119 52 ont
2269 6315 368 61 contribué
2680 6315 47 57 à
2769 6306 411 120 augmenter
3214 6308 65 61 le
3320 6309 198 72 diffé-

2090 6417 227 54 rent.
2257 6413 53 79 :

2171 6517 37 33 «
2247 6503 109 60 En
2389 6514 190 61 1904,
2610 6499 52 60 l'
2661 6475 316 84 émission
3005 6479 169 79 d'un
3203 6495 334 84 emprunt

2083 6605 182 65 pour
2287 6597 67 59 le
2368 6595 244 61 Maroc
2629 6593 199 61 valut
2863 6593 48 66 à
2936 6603 141 49 nos
3089 6581 299 121 banques
3428 6590 90 60 de

2090 6679 432 70 scandaleux
2544 6686 358 83 bénéfices.

2173 6781 226 89 Après
2429 6779 197 66 avoir
2659 6776 130 65 fait
2811 6765 92 75 un
2941 6795 138 65 peu
3107 6774 85 65 de
3228 6750 286 116 lumière

2095 6881 265 64 sur.les
2377 6876 395 84 véritables
2792 6876 273 65 raisons
3113 6874 85 64 de
3267 6874 250 65 l’occu-

2097 6983 236 84 pation
2362 6978 429 80 Marocaine,
2830 6985 70 57 et
2927 6988 154 52 sur.
3121 6976 100 65 les
3275 6983 242 78 spécu-

2096 7081 254 66 lations
2401 7081 406 78 bancaires
2860 7075 332 68 éhontées
3272 7080 117 83 qui
3439 7100 79 44 se

2110 7182 152 65 font
2297 7204 123 57 sur
2454 7183 108 64 les
2603 7180 333 65 cadavres
2964 7179 126 66 des
3129 7176 398 74 marocains

2098 7283 91 64 M.
2226 7283 253 81 Doriot
2507 7280 326 67 continue
2856 7281 206 64 ainsi:

2176 7420 36 34 «
2237 7405 149 79 Que
2415 7406 142 59 l'on
2587 7398 352 65 revienne
2961 7411 145 65 pas
3130 7421 198 42 nous
3369 7403 153 61 dire

2096 7499 442 68 maintenant
2561 7515 137 57 que
2721 7497 456 76 l'occupation
3225 7495 93 60 du
3370 7498 152 59 _Ma-

2095 7601 117 50 roc
2235 7612 47 40 a
2309 7584 115 67 été
2427 7579 185 92 faite
2630 7599 181 64 pour
2842 7579 303 70 civiliser
3185 7589 67 59 le
3283 7589 240 79 Maroc

2096 7707 87 38 ou
2209 7684 184 61 dans
2406 7684 302 81 l'intérét
2721 7673 120 70 des
2858 7685 308 59 ouvriers
3180 7683 341 73 francais:

2098 7779 128 60 elle
2251 7783 46 54 a
2325 7771 114 82 été
2442 7778 182 72 faite
2649 7774 180 62 dans
2845 7766 76 71 le
2939 7776 160 60 seul
3132 7773 245 63 intérêt
3398 7776 125 71 des

2095 7872 335 73 banques.

2175 7985 97 43 ...
2301 7964 271 72 Depuis
2606 7950 180 87 1907,
2811 7962 75 61 la
2904 7962 272 61 France
3199 7981 52 43 a
3273 7962 252 73 dépen-

2094 8060 82 55 sé
2193 8075 97 40 au
2314 8057 245 59 Maroc
2595 8055 40 58 3
2661 8054 343 70 milliards
3050 8071 131 58 419
3225 8053 299 62 millions

2097 8155 68 52 et
2179 8149 229 71 perdu
2443 8161 233 46 12.000
2694 8148 324 68 hommes,
3030 8144 142 125 tués
3204 8166 91 39 ou
3311 8153 214 55 morts

2097 8239 88 78 de
2203 8238 331 61 maladie.

2183 8346 238 65 Parmi
2453 8342 165 67 tant
2697 8343 83 66 de
2850 8344 271 65 soldats
3197 8346 117 112 qui
3401 8353 123 88 ont

2098 8454 266 68 «crevé
2389 8469 35 41 »
2471 8446 176 63 dans
2687 8444 65 64 le
2772 8444 161 65 bléd
2962 8446 353 65 marocain
3344 8436 180 94 pour

2099 8548 267 85 grossir
2393 8547 106 89 les
2559 8555 291 56 revenus
2905 8546 125 65 des
3094 8546 425 86 capitalistes

2101 8647 303 78 français
2434 8645 321 66 combien
2793 8644 85 66 de
2923 8667 239 44 corses
3194 8668 49 62 y
3270 8647 183 65 a-t-il
3483 8652 37 60 ?

2180 8747 181 81 Sans
2399 8746 266 72 crainte
2702 8745 212 65 d’être
2949 8746 340 66 démentis
3340 8768 180 46 nous

2101 8857 314 75 pouvons
2498 8844 309 65 affirmer
2883 8846 167 85 qu'il
3085 8869 49 63 y
3176 8867 87 45 en
3320 8869 58 67 a.
3403 8871 115 56 un

2100 8946 139 65 bon
2274 8956 208 77 quart
2460 8942 64 95 !

2183 9047 94 63 M.
2293 9046 254 67 Doriot
2564 9065 178 46 nous
2766 9046 149 66 dira
2932 9018 273 97 ensuite
3219 9048 84 66 de
3327 9040 191 96 quel-

2099 9146 67 63 le
2202 9146 207 79 facon
2445 9149 71 61 la
2540 9146 268 65 France
2841 9148 345 86 pacifique
3210 9158 73 58 et
3314 9160 204 76 géné-

2099 9266 203 46 reuse
2339 9247 273 66 civilise
2641 9270 35 37 «
2708 9246 104 64 les
2829 9244 335 75 barbares
3196 9275 35 36 »

2178 9392 36 33 «
2243 9368 98 59 Le
2381 9369 244 58 Maroc
2677 9369 170 59 n'est
2870 9377 145 63 pas
3081 9371 265 71 pacifié
3407 9375 116 60 de-

2091 9459 165 70 puis
2269 9460 127 58 dix
2408 9466 161 66 sept
2591 9478 134 40 ans
2747 9467 71 51 ef
2847 9481 175 62 vous
3064 9482 181 40 avez
3285 9474 238 64 expro-

2092 9551 161 70 prié
2269 9553 169 71 déjà
2456 9553 168 73 plus
2640 9551 88 60 de
2749 9568 289 59 400.000
3063 9554 313 62 hectares
3431 9561 92 73 de

2099 9648 232 56 ferres.
2360 9646 108 58 La
2503 9641 406 76 compagnie
2971 9647 304 73 agricole
3314 9669 50 41 a
3414 9657 115 56 été

2098 9738 249 57 créée
2282 9730 59 87 à
2370 9743 111 52 cet
2492 9734 167 73 effet
2670 9744 140 63 par
2834 9758 93 38 un
2948 9741 353 72 capitaine
3328 9743 197 69 Huot

2097 9827 149 70 qui,
2308 9829 190 58 alors
2574 9827 172 75 quil
2779 9831 177 58 était
3016 9831 186 59 dans
3239 9824 304 80 l'armée

2098 9920 248 69 active,
2378 9922 208 59 avait
2614 9924 241 70 repéré
2898 9923 101 60 les
3050 9922 225 62 riches
3309 9933 215 57 terres

2098 10007 98 58 du
2215 10011 252 71 Sebou,
2484 10032 124 40 sur
2629 10012 362 73 lesquelles
3014 10015 62 60 il
3116 10016 406 74 s'empressa

2100 10101 263 57 ensuite
2395 10122 99 39 au
2519 10122 163 41 nom
2706 10102 87 61 de
2805 10123 86 41 sa
2915 10103 259 102 société,
3224 10109 87 60 de
3345 10122 177 51 met-

2102 10190 102 51 fre
2219 10187 77 57 la
2321 10192 271 57 main...

2177 10301 138 42 ...«
2330 10279 305 59 l'arrive
2676 10281 139 58 àla
2865 10287 357 70 deuxième
3243 10293 289 66 période

2103 10361 89 58 de
2216 10373 174 49 cette
2423 10367 287 59 histoire
2764 10377 432 71 tragique:la
3258 10390 275 60 compa-

2048 10467 4 1 |
2101 10453 165 65 grie
2288 10458 407 56 marocaine
2753 10461 88 56 de
2898 10465 250 63 Rabat
3195 10476 217 61 passe
3478 10475 76 56 è-

2105 10537 281 62 l'action
2421 10543 264 57 directe
2729 10558 231 49 contre
2997 10554 106 56 les
3149 10551 381 77 indigènes"

2104 10627 144 57 Des
2259 10635 282 65 troupes
2562 10633 307 59 arrivent
2890 10657 88 39 en
3007 10641 330 67 trombe,
3305 10661 227 45 incen-

2107 10713 196 59 dient
2313 10717 104 56 les
2465 10717 260 58 meules
2757 10723 90 56 de
2890 10730 269 66 grains,
3242 10728 290 82 s'empa-

2107 10810 157 50 rent
2282 10806 99 56 du
2404 10805 231 58 bétail
2650 10814 70 49 ef
2740 10809 125 60 des
2879 10815 215 61 biens
3113 10820 124 58 des
3272 10821 265 73 indigè-

2107 10906 128 40 nes
2257 10899 72 48 ef
2349 10900 202 50 tuent
2583 10912 95 38 un
2705 10894 294 77 homme;
3038 10926 91 40 on
3181 10914 238 55 trouve
3456 10912 78 59 la

2110 10984 189 53 !race
2317 10982 90 57 de
2431 10990 177 51 cette
2631 10989 356 64 opéràtion
3031 10998 187 59 dans
3265 10999 66 58 le
3374 10998 163 81 rap-

2100 11074 171 61 port
2282 11071 99 58 du
2410 11071 266 57 conseil
2719 11075 653 72 d'administration.
3403 11092 135 60 Les

2111 11157 362 73 indigènes
2512 11161 337 70 déposent
2893 11188 138 42 une
3084 11176 274 69 plainte
3410 11180 132 80 qui

2104 11255 209 63 porte
2343 11249 131 61 155
2481 11252 416 74 signatures,
2916 11268 244 61 parmi
3174 11266 385 74 lesquelles

2092 6058 106 40 me
2248 6040 89 58 de
2388 6035 318 63 discorde
2756 6041 191 52 entre
2999 6032 205 60 Etats
3253 6030 370 90 capita-)...

3602 1216 205 59 celles
3821 1214 124 58 des
3961 1203 326 71 notables
4313 1218 101 55 du
4426 1221 193 65 pays.

3690 1319 164 65 Cela
3874 1338 88 44 ne
3980 1328 178 56 vous
4184 1314 447 93 rappelle-t-1l
4650 1327 232 71 pasun
4896 1327 135 67 peu

3603 1421 106 63 les
3726 1417 334 89 procédés
4098 1419 88 64 de
4224 1430 136 56 nos
4386 1419 180 65 fiers
4632 1423 210 55 aïeux
4927 1408 103 87 les

3602 1519 328 85 gaulois
3872 1514 48 94 ?

3682 1633 37 32 «
3756 1598 174 83 Vous
3967 1641 210 53 voyez
4203 1626 206 61 .donc
4444 1625 45 58 à
4548 1604 169 91 quoi
4761 1578 272 118 servent

3602 1716 121 59 les
3729 1723 275 72 fronpes
4020 1714 531 77 d'occupation!
4575 1727 31 34 »

3683 1821 36 30 «
3744 1810 87 58 Je
3869 1809 153 60 vais
4045 1826 177 45 vous
4276 1820 232 61 conter
4554 1826 135 42 une
4738 1799 292 65 seconde

3601 1903 311 68 histoire;
3925 1922 93 40 un
4044 1904 90 58 de
4158 1925 136 41 nos
4342 1903 175 63 amis
4551 1898 270 62 soldats
4854 1907 177 48 nous

3602 2015 47 40 a
3686 1997 487 90 communiqué
4191 1998 156 58 des.
4358 1994 454 86 instructions
4859 1990 169 59 don-

3586 2082 178 64 nées
3778 2082 153 78 par
3936 2109 95 39 un
4050 2076 429 72 colonelaux
4499 2086 200 69 chefs
4702 2085 91 95 de
4800 2089 231 65 poste;

3602 2198 77 38 ce
3725 2181 272 74 colonel
4031 2180 384 82 ordonnait
4437 2171 87 78 dè
4566 2172 193 61 tirer
4772 2173 123 71 sur
4926 2171 102 59 les

3602 2271 407 62 laboureurs
4054 2271 383 66 dissidents
4500 2269 123 71 qui
4648 2283 380 63 ensemen-

3602 2369 313 54 cenfaux
3952 2365 334 59 environs
4303 2361 131 93 des
4453 2365 255 67 postes.

3680 2449 286 87 Général
4019 2438 242 128 Nollet.
4287 2514 11 10 -
4288 2474 78 19 —
4399 2451 86 64 Ce
4520 2458 159 54 sont
4734 2451 126 59 des
4913 2467 115 40 en-

3538 2572 21 22 À
3601 2550 241 60 nemis.

3682 2626 254 59 Doriot.
3947 2661 79 11 —
4041 2627 90 73 Ce
4152 2629 170 54 sont
4300 2578 160 121 des
4481 2621 399 60 Marocains
4905 2618 128 73 qui

3602 2725 161 51 sont
3768 2718 179 68 chez
3972 2739 132 49 eux
4127 2725 74 51 et
4210 2734 140 57 que
4365 2733 180 65 vous
4574 2714 248 60 voulez
4847 2708 180 75 ajfja-

3603 2829 145 40 mer
3754 2820 184 61 pour
3963 2811 95 59 les
4084 2809 293 61 vaincre
4400 2807 32 58 !

3687 2928 33 32 «
3753 2904 145 60 Une
3933 2903 199 74 autre
4157 2899 740 85 instructionordonne
4939 2895 90 90 de

3604 3015 90 51 ne
3700 3006 144 62 pas
3866 2988 308 83 spécifier
4198 2996 70 60 le
4291 3013 161 47 sexe
4467 2999 69 53 et
4571 2992 185 74 l'ôge
4798 2998 84 54 er
4928 2983 103 69 in-

3604 3076 306 87 diguant
3928 3090 67 59 le
4005 3089 287 81 nombre
4307 3087 124 79 des
4466 3077 373 83 dissidents
4879 3088 153 57 fués

3606 3200 91 41 ou
3721 3182 283 61 blessés:
4025 3178 173 65 vous
4222 3201 94 39 ne
4331 3174 169 90 vous
4514 3175 357 91 inquiétez
4887 3188 145 65 bas

3608 3294 86 40 en
3712 3263 183 85 effet,
3925 3278 89 58 de
4026 3283 166 52 tuer
4218 3263 134 71 des
4366 3272 294 72 enfants,
4691 3274 126 61 des
4861 3273 172 73 fem-

3608 3460 248 61 voulez
3871 3472 141 64 pas
4037 3460 212 77 qu'on
4300 3461 69 59 le
4411 3460 224 60 sache:
4661 3480 175 42 vous
4891 3463 143 57 êtes

3609 3558 156 69 frop
3789 3554 300 62 honteux
4114 3555 91 57 de
4245 3560 194 52 votre
4466 3572 229 42 œuvre
4709 3549 126 124 de
4872 3553 163 60 civi-

3609 3645 282 63 lisation
3909 3673 111 41 »...
4808 3695 4 4 :

3691 3746 33 34 «
3756 3724 172 59 Vous
3964 3722 192 63 avez
4175 3743 102 41 vu
4339 3699 157 99 sans
4557 3695 173 110 doute
4859 3727 174 72 cette

3598 3797 518 107 photographie
4134 3816 177 61 d'un
4339 3795 353 100 adjudant
4714 3810 315 83 aviateur

3600 3917 296 63 portant
3917 3909 100 62 les
4041 3915 176 57 tétes
4240 3913 290 71 coupées
4559 3905 92 87 de
4658 3899 198 75 deux
4879 3899 153 70 Ma-

3607 4004 297 59 rocains.
3942 4003 100 83 On
4081 4013 90 69 se
4209 3994 283 83 défend,
4521 4024 111 53 on
4661 3999 157 64 tue:
4866 4001 169 68 c'est

3605 4096 324 62 naturel!
3943 4096 189 62 Mais
4145 4113 106 46 on
4278 4118 94 54 ne
4378 4094 87 87 sè
4500 4097 150 73 fait
4690 4103 141 76 pas
4858 4093 175 77 pho-

3596 4282 324 73 produits
3943 4281 88 60 de
4055 4271 76 70 là
4150 4282 419 63 civilisation
4608 4278 364 75 francaise
4994 4276 35 61 !

3690 4388 253 65 Tiens
3911 4380 35 104 !
3964 4388 264 92 tiens...
4263 4390 174 76 mais
4471 4391 172 60 nous
4681 4384 333 86 pensions

3601 4488 135 87 que
3763 4470 231 82 c'était
4019 4465 65 88 là
4111 4489 383 92 mònôpole
4511 4486 94 65 de
4634 4508 44 40 «
4692 4485 264 87 boches
4986 4508 31 40 »

3603 4589 376 94 monopole
4013 4597 134 76 que
4182 4590 112 65 les
4340 4589 293 79 français
4681 4587 341 71 n’osaient

3599 4710 128 74 pas
3755 4691 153 66 leur
3944 4676 409 115 disputer...

3683 4798 333 76 Laissons
4073 4807 262 53 encore
4370 4795 68 101 la
4449 4769 247 167 parole
4746 4812 87 44 au
4906 4789 111 67 dé-

3597 4906 166 80 puté
3808 4897 292 65 Doriot
4037 4893 50 97 :

3584 5114 335 75 pitaliste,
3949 5112 493 62 Abd-el-Krim
4465 5120 103 53 est
4606 5123 97 49 un
4746 5114 273 73 organi-

3590 5205 240 64 safeur
3867 5199 516 83 remarquable,
4422 5219 90 48 un
4549 5207 244 73 grand
4848 5205 180 73 chef

3590 5304 129 73 gui
3740 5320 233 40 exerce
4007 5320 122 41 sur
4180 5301 70 61 le
4286 5287 246 130 peuple
4614 5300 220 73 rifain
4920 5319 96 41 un

3583 5395 298 74 pouvoir
3899 5380 268 76 absolu.

3676 5489 120 61 «ll
3822 5491 162 74 agit
4020 5490 207 61 dans
4263 5488 407 64 l'isolement
4706 5485 69 65 et
4827 5491 64 60 le
4930 5490 99 59 si-

3592 5582 276 87 lence;;l
3866 5582 146 78 fait
4031 5588 256 72 régner
4309 5583 248 62 l’ordre
4580 5593 72 52 ef
4663 5585 75 60 la
4763 5585 119 60 loi.
4911 5586 106 60 La

3588 5678 301 61 sécurité
3904 5679 124 61 des
4043 5690 426 68 personnes,
4505 5679 123 62 des
4683 5681 202 61 biens
4951 5687 70 55 et

3593 5771 127 59 des
3742 5775 622 80 communications
4386 5759 114 91 est
4512 5755 301 99 assurée.
4864 5774 153 61 L'a-

3590 5865 315 61 narchie'
3942 5887 106 41 ne
4081 5872 218 71 régne
4331 5842 213 113 done.
4573 5876 146 66 pas
4755 5869 259 72 là-bas,

3590 5977 262 42 comme
3881 5960 70 69 le
3970 5962 107 59 dit
4097 5962 69 78 le
4191 5942 368 115 maréchal
4573 5956 338 88 Lyautey.

3652 6061 66 37 -«
3736 6043 286 71 D'autre
4075 6050 202 95 part,
4337 6047 103 99 les
4475 6044 45 96 _
4530 6040 492 116 brovocations

3590 6131 429 92 incessantes
4025 6141 137 67 de
4177 6136 218 73 notré
4419 6111 242 116 presse
4710 6158 89 52 ne
4841 6139 188 71 trot

3595 6339 201 60 Krim
3822 6357 48 40 a
3889 6336 286 61 déclaré
4181 6337 54 59 à
4252 6337 120 61 M2
4383 6324 329 87 Jacques
4739 6338 281 61 Marsil-

3595 6416 121 77 lac
3734 6429 180 77 qu'il
3944 6436 165 54 veut
4131 6430 79 59 la
4228 6425 187 79 paix
4437 6449 165 41 avec
4625 6431 81 60 Ia
4727 6432 288 62 France.

3594 6526 208 75 Alors
3819 6523 347 76 pourquoi
4186 6539 140 46 ces
4338 6519 362 86 menaces?

3677 6631 35 31 «
3729 6619 101 60 Le
3882 6605 365 75 maréchal
4275 6617 298 76 Lyautey
4613 6639 58 40 a
4715 6618 110 61 dit
4845 6640 25 39 :
4900 6645 33 32 «
4959 6619 70 61 Il

3588 6713 167 73 faut
3815 6698 442 74 absolument
4307 6732 281 57 enrayer
4634 6702 387 71 l'anarchie

3593 6806 185 60 dans
3824 6806 64 59 le
3936 6790 417 88 Rif».Notre
4410 6805 207 81 Parti
4664 6812 360 56 reconnaît

3595 6918 146 40 aux
3763 6898 359 73 indigènes
4164 6898 70 60 le
4279 6888 193 71 droit
4503 6900 190 60 dese
4755 6901 268 74 dresser

3595 6999 242 54 contre
3857 6992 100 62 les
3979 6978 520 94 colonisafeurs.
4516 7019 34 32 »
4983 7039 45 36 Lo

3679 7098 180 65 Mais
3937 7099 150 88 cela
4154 7092 188 88 n’est
4421 7107 400 68 sûrement
4894 7124 127 65 pas

3599 7201 95 64 du
3751 7207 172 79 goût
3958 7200 91 65 du
4087 7225 40 40 «
4164 7190 287 79 m’as-tu
4490 7224 89 43 vu
4617 7224 45 44 »
4723 7203 300 89 Liautey

3598 7304 133 84 qui.
3770 7302 319 86 possède,
4173 7300 429 84 semble-t-il,
4689 7318 135 53 une
4870 7315 154 79 pré-

3600 7403 331 65 dilection
4004 7396 336 94 marquée
4375 7426 174 64 pour
4580 7414 201 58 toute
4841 7417 182 56 terre

3574 7505 146 85 -qui
3743 7501 181 69 n'est
3949 7524 124 67 pas
4112 7514 442 78 européenne
4596 7508 74 67 et
4692 7513 121 84 qui
4838 7503 186 72 n'hé-

3598 7606 275 63 siterait
3935 7626 123 65 pas
4109 7618 141 61 une
4310 7600 278 90 minute,
4658 7607 367 90 accompa-

3599 7713 137 80 gné
3777 7705 87 65 de
3910 7708 159 76 sont
4139 7708 247 68 fidèle
4384 7710 342 88 accolyte
4786 7713 66 67 le
4908 7719 115 81 gé-

3600 7807 189 97 néral
3861 7796 325 96 Calmels,
4235 7817 41 75 à
4315 7832 33 43 s
4353 7783 336 111 ‘installer
4735 7814 84 66 en
4862 7765 161 115 Chi-

3601 7930 88 46 nc
3748 7906 112 67 s’il
3909 7910 291 86 pouvait
4216 7897 195 111 être
4420 7902 297 101 certain
4769 7917 85 65 de
4893 7915 132 82 fai-

3599 8031 77 47 re
3736 8019 169 55 avec
3948 8009 67 65 le
4057 8010 413 83 chinois'cé,
4505 8014 169 85 qu'il
4711 8017 129 65 fait
4854 8012 170 82 avec

3601 8113 69 63 le
3741 8114 377 63 marocain.
4684 8180 4 2 |

3686 8193 109 67 On
3821 8217 83 43 en
3921 8199 225 63 arrive
4162 8200 279 64 ensuite
4454 8206 50 59 à
4516 8192 234 94 parler
4773 8203 253 66 d'Abd-

3547 8285 6 25 |
3603 8285 298 111 el-Krim
3939 8297 70 93 le
4045 8299 251 72 leader
4332 8302 89 70 de
4448 8301 205 70 l'indé
4670 8305 355 86 pendance

3601 8382 450 68 marocaine
3976 8376 66 97 :

3676 8503 490 66 Abd-el-Krim
4221 8528 52 41 a
4301 8499 200 88 batti
4534 8466 337 128 Raisouli,
4903 8514 126 74 qui

3680 8714 36 33 «
3747 8689 85 60 SI
3875 8691 496 64 Abd-el*RKrim
4438 8704 87 66 ne
4568 8702 456 70 représentait

3589 8789 144 65 pas
3756 8786 637 68 personnellement
4426 8786 169 64 cette
4670 8794 350 60 tendaice

3595 8892 127 40 son
3771 8876 253 72 peuple
4040 8877 78 61 la
4165 8870 409 84 représente,
4603 8885 186 61 C’est
4815 8896 207 66 pour-

3596 8968 171 71 quoi
3830 8987 187 42 nous
4073 8972 110 61 lui
4260 8988 229 46 avons
4531 8973 263 81 envoyé
4832 8982 67 59 le
4925 8985 96 66 té-

3595 9058 376 74 légramme
4017 9067 212 70 qu'on
4271 9086 177 40 nous
4493 9072 324 71 reproche
4841 9079 174 57 tant.

3680 9151 92 61 Ce
3824 9154 443 74 télégramme
4344 9159 193 61 salue
4593 9165 81 60 la
4740 9168 283 60 victoire

3596 9243 99 60 du
3710 9248 260 73 peuple
4020 9240 249 83 riffain
4302 9258 88 65 et
4409 9256 272 73 affirme
4728 9280 149 55 que
4922 9262 102 60 les

3589 9338 295 73 peuples
3938 9342 402 66 coloniaux
4381 9354 119 65 onf
4573 9350 67 58 le
4693 9351 182 63 droit
4934 9355 90 59 de

3595 9429 214 61 lutter
3863 9443 229 65 contre
4160 9443 164 54 tous
4354 9436 97 93 les
4463 9440 556 81 impérialismes,

3592 9517 318 108 français
3937 9546 53 54 Y
4044 9516 327 102 compris,

3682 9624 504 73 Absolument
4139 9620 57 113 !
4231 9634 94 63 Et
4359 9654 173 60 nous
4581 9660 90 46 ne
4709 9639 309 90 compre-

3598 9734 178 69 nons
3838 9722 128 100 pas
4017 9731 113 86 du
4162 9742 181 69 tout
4393 9718 484 122 l'indignation
4920 9747 104 60 du

3587 9827 286 81 peuple
3930 9818 70 76 Le
4017 9812 194 102 plus
4233 9835 367 106 pacifique
4675 9831 104 77 du
4816 9862 208 47 mon-

3583 9929 109 61 de
3779 9926 260 86 devant
4072 9930 173 102 une
4291 9932 458 126 affirmation
4835 9944 194 67 aussi

3583 10028 280 81 juste...
4245 10058 5 4 |

3682 10110 60 63 IT
3814 10117 128 69 est,
3992 10118 319 81 croyons
4332 10084 233 124 nous;
4582 10124 284 62 ‘inutile
4944 10123 96 63 de

3606 10225 181 43 nous
3850 10186 282 89 étendre
4195 10204 388 97 davantage
4604 10239 130 43 sur
4805 10241 79 42 ce
4911 10241 119 42 su-

3599 10305 109 82 jet
3762 10313 134 74 que
3930 10306 68 62 le
4079 10308 309 88 député:
4405 10264 235 143 Doriot
4702 10324 41 55 à
4780 10318 254 85 magis-

3608 10400 374 65 tralement
4057 10421 305 77 exposé,
4394 10432 165 46 avec
4607 10434 99 43 un
4792 10435 243 45 coura-

3609 10517 92 64 ge
3732 10498 121 84 quì
3918 10498 103 66 lui
4090 10505 136 67 fait
4279 10508 333 82 honneur,
4678 10512 259 66 devant
4966 10513 70 65 le

3610 10589 387 111 parlement.

3697 10673 411 78 Concluons
4160 10708 95 44 en
4326 10692 228 64 disant
4585 10691 451 86 simplement

3610 10792 139 62 que
3826 10783 180 57 celte
4080 10791 262 63 séance
4402 10790 93 62 du
4530 10788 238 67 Palais
4815 10791 220 65 Bour-

3608 10867 145 65 bon
3803 10872 111 62 n'a
3997 10876 133 66 fait
4194 10888 358 79 qu'aviver
4599 10887 181 65 dans
4835 10899 206 55 noire

3608 10973 337 61 souvenir
3969 10972 66 66 la
4060 10986 346 63 mémoire
4439 10986 121 62 des
4585 11006 243 47 corses
4855 10997 184 57 tom-

3610 11064 127 66 bés
3765 11072 44 57 à
3837 11067 415 76 Pontenovu
4298 11103 178 65 pour
4518 11084 521 88 l'indépendan-

3614 11174 90 74 ce
3732 11166 88 65 de
3879 11168 152 66 leur
4100 11181 258 77 patrie.

4361 11265 238 66 Paulu
4658 11270 293 68 Orsoni.

3609 3387 144 40 mes
3787 3384 89 45 ou
3901 3371 129 59 des
4076 3366 394 67 vieillards;
4495 3367 181 60 mais
4723 3386 171 40 vous
4930 3374 124 52 nè

3607 4189 403 74 tographier
4049 4191 235 60 ainsi!
4325 4185 197 67 Voilà
4539 4183 342 78 pourtant
4930 4183 129 63 les:

3676 5041 27 30 «
3731 5021 111 61 De
3861 5021 225 59 l’aveu
4112 5020 226 60 même
4361 5019 162 61 d’un
4548 5017 305 73 écrivain
4896 5036 121 42 ca-
5011 5013 42 82 |

3592 6252 163 54 vent
3768 6252 141 66 pas
3957 6231 242 70 d'écho
4235 6232 205 70 dans
4457 6237 89 65 ‘le
4566 6241 146 74 Rif.
4725 6232 293 73 Abd-el-
5069 6262 3 2 |

3598 8597 247 61 m'était
3880 8606 155 64 pas
4053 8609 192 65 pour
4288 8607 170 54 cefte
4478 8602 540 76 indépendance.

5119 514 211 110 UNE
5394 488 582 130 ÉDIFIANTE
6031 493 503 114 HISTOIRE

5190 740 90 58 M.
5326 733 329 64 Fontaine
5697 739 100 51 est
5838 746 94 41 un
5952 723 268 61 homme
6248 717 282 59 sérieux.

5117 828 174 61 C’est
5328 829 70 70 là
5441 847 98 40 un
5584 823 119 60 fait
5746 817 232 76 acquis
6031 811 157 78 qu'il
6242 806 293 61 faudrait

5115 923 154 60 bien
5310 939 75 40 se
5433 915 245 76 garder
5726 914 83 58 de
5862 913 340 68 révoquer
6257 921 88 40 en
6373 900 160 59 dou-

5113 1025 86 50 te.
5259 1013 121 60 Ses
5447 1005 467 64 thuriféraires
5977 994 332 65 habituels
6358 1000 164 52 vont

5113 1107 215 59 même
5397 1101 155 75 plus
5622 1099 159 64 loin,
5814 1096 89 59 Ils
5945 1086 467 67 s'accordent
6350 1082 66 98 à
6439 1080 92 62 lui

5114 1195 418 64 reconraitre
5601 1192 280 59 d'autres
5928 1185 369 73 éminentes
6326 1174 206 78 quali-

5110 1294 102 58 tés
5253 1290 115 75 qui
5396 1286 388 79 pourraient
5808 1282 158 60 bien
5988 1279 63 59 le
6096 1275 253 60 classer
6378 1273 154 69 par-

5111 1385 94 59 mi
5254 1384 97 59 les
5395 1399 171 57 gens
5611 1379 82 59 de
5747 1376 218 81 génie.
6021 1371 58 58 A
6146 1368 99 58 les
6301 1370 231 51 enten-

5111 1478 139 68 dre,
5290 1478 68 56 la
5409 1476 323 71 présence
5783 1467 157 58 d'un
5987 1459 203 110 pareil
6264 1449 269 79 homme

5111 1569 160 60 chez
5335 1584 177 40 nous
5590 1573 100 51 est
5726 1581 91 38 un
5865 1555 144 62 vrai
6061 1549 277 65 bienfait
6415 1546 115 58 des

5110 1661 209 59 cieux.
5373 1657 190 58 Nous
5596 1674 89 39 ne
5743 1649 310 61 saurions
6084 1643 242 77 jamais
6379 1650 146 61 trop

5111 1749 352 89 remercier
5479 1750 67 56 la
5571 1745 225 60 divine
5822 1740 403 76 providence
6252 1736 85 59 de
6363 1748 167 43 nous

5108 1849 84 40 en
5245 1825 187 61 avoir
5469 1823 123 59 fait
5648 1823 291 71 présent.

5189 1903 81 59 Et
5318 1901 90 61 de
5458 1917 83 44 ce
5582 1909 116 48 ton
5750 1914 88 41 on
5904 1890 330 61 continue
6265 1881 265 79 jusqu'à

5107 1997 64 60 la
5246 1992 284 78 gauche.
5606 1989 108 61 On
5767 2006 173 41 nous
5998 1990 358 69 permettra
6450 1976 81 59 de

5107 2084 201 83 n'être
5337 2084 263 77 pas..de
5640 2090 107 49 cet
5787 2077 166 68 avis.
6004 2073 266 77 L'arbre
6316 2087 73 40 se
6433 2085 98 39 re-

5107 2164 268 73 connait
5424 2177 41 54 à
5492 2191 111 40 ses
5636 2167 220 67 fruits,
5881 2160 94 63 un
6004 2160 299 63 mauvais
6337 2137 192 95 arbre

5105 2288 87 41 ne
5220 2276 158 66 peut
5402 2283 139 55 que
5565 2263 257 58 donner
5859 2243 88 72 de
5968 2251 303 63 mauvais
6311 2247 236 72 fruits,

5105 2380 76 40 ce
5233 2377 131 56 que
5407 2377 87 39 ne
5530 2353 142 62 fera
5707 2349 240 77 jamais
6000 2366 134 40 une
6168 2341 360 63 excellente

5105 2454 243 74 plante.
5400 2447 62 61 Si
5511 2447 90 61 M.
5643 2442 321 63 Fontaine
6016 2451 102 49 est
6142 2458 91 39 un
6261 2436 301 60 homme

5106 2546 283 68 sérieux,
5436 2561 129 65 son
5644 2533 529 65 administration
6218 2538 147 52 fout
6417 2547 111 39 en-

5105 2639 166 59 ière
5328 2636 146 62 doit
5527 2632 140 61 s'en
5750 2626 337 64 ressentir.
6156 2610 143 74 Elle
6393 2619 137 60 doit

5107 2740 221 66 porter
5368 2738 186 50 cette
5607 2742 277 56 marque
5941 2708 425 88 particulière
6414 2720 115 71 qui

5108 2810 339 87 distingue
5494 2830 70 51 et
5614 2818 252 62 illustre
5918 2834 124 40 son
6091 2809 172 64 chef.
6334 2807 100 61 Or
6482 2805 43 59 il

5108 2938 171 41 nous
5321 2926 103 50 est
5467 2913 271 75 pénible
5787 2910 84 60 de
5896 2909 66 60 le
5989 2912 333 56 constater
6348 2910 66 60 et
6448 2898 81 60 de

5110 3010 63 61 le
5215 3011 162 69 dire,
5421 2997 104 71 M.
5546 3004 319 63 Fontaine
5883 3003 170 76 n’est
6078 3017 119 57 pas
6224 3015 95 63 un
6346 2994 200 68 hom-

5109 3116 109 48 me
5261 3101 264 62 sérieux
5569 3109 85 49 et
5684 3117 136 51 son
5850 3088 534 77 administration
6431 3093 99 51 est

5109 3197 137 61 loin
5298 3195 213 59 d’être
5573 3189 410 74 intelligente
6026 3194 67 51 et
6134 3181 317 61 sérieuse.

5188 3289 145 60 Une
5398 3304 256 57 preuve
5728 3279 187 62 entre
5983 3275 180 62 mille
6214 3282 85 51 va
6364 3287 164 43 vous

5112 3365 248 77 édifier.
5409 3379 106 61 Un
5569 3392 334 58 voyageur
5929 3370 123 59 des
6074 3368 152 84 plus
6274 3367 255 72 respec-

5114 3461 205 80 tables
5366 3482 68 62 et
5458 3479 124 67 par
5608 3478 122 51 son
5783 3470 124 70 âge
5958 3472 68 51 et
6063 3480 128 55 par
6250 3478 77 41 sa
6378 3475 151 48 con-

5109 3556 231 76 dition,
5400 3573 190 51 entre
5625 3560 195 74 dans
5873 3576 95 40 un
6015 3551 508 77 compartiment

5114 3662 39 56 à
5191 3658 133 61 une
5363 3656 249 61 station
5669 3653 86 58 où
5809 3651 92 59 .le
5972 3645 156 63 chef
6172 3645 86 61 de
6343 3641 207 60 train:

5112 3752 143 61 seul
5304 3749 143 59 doit
5472 3747 288 67 délivrer
5784 3733 96 70 les
5927 3741 236 61 billets.
6214 3737 104 60 Un
6344 3735 184 61 hom-

5110 3863 109 41 me
5246 3842 190 61 coiffé
5450 3838 207 61 d’une
5690 3844 341 67 casquette
6045 3833 116 60 des
6186 3828 341 76 employés

5099 3938 95 74 de
5235 3936 62 60 Ja
5350 3932 416 75 Compagnie
5814 3938 103 52 est
5959 3930 40 58 à
6016 3919 71 95 la
6123 3923 290 79 portière
6439 3922 86 74 du

5109 4033 256 72 wagon.
5394 4028 124 75 Ils
5593 4029 387 70 s’empresse
6050 4010 85 99 de
6188 4016 329 64 réclamer

5109 4126 40 59 à
5219 4122 192 62 nofre
5447 4120 339 76 voyageur
5812 4120 65 59 la
5922 4106 256 78 somme
6198 4113 91 60 de
6315 4119 214 53 trente

5108 4216 183 85 cinq
5326 4214 350 79 centimes.
5745 4195 292 77 Celui-ci
6090 4195 331 72 s'exécute
6464 4209 66 53 et

5110 4297 167 71 deux
5310 4304 394 103 personnes
5729 4303 117 74 qui
5897 4320 75 43 se
6022 4307 316 54 trouvent
6362 4297 164 60 dans

5105 4402 65 57 le
5249 4384 208 106 même
5523 4396 509 76 compartiment
6093 4395 133 73 que
6268 4390 96 62 lui
6416 4410 110 39 en-

5102 4493 273 62 tendent
5397 4480 84 73 et
5524 4491 226 62 voient
5786 4489 155 61 bien
6000 4491 246 57 toutce
6299 4485 214 76 quise

5102 4605 213 56 passe.
5356 4588 216 73 Après
5610 4583 320 76 quelques
5979 4582 291 60 minutes
6288 4580 86 59 de
6400 4588 125 51 tra-

5102 4680 125 84 jet,
5310 4690 200 52 notre
5600 4697 335 58 voyageur
6009 4686 101 52 est
6189 4674 220 60 arrivé
6485 4674 38 58 à

5101 4773 428 62 destination.
5577 4772 130 61 Sur
5767 4772 63 61 le
5856 4770 157 76 quai
6060 4768 160 60 dela
6256 4786 161 58 gare
6436 4786 85 41 on

5100 4868 92 60 lui
5227 4868 290 61 réclame
5553 4886 125 42 son
5727 4866 206 77 billet,
5970 4865 161 59 n'en
6180 4872 204 65 ayant
6427 4861 97 74 ja-

5100 4961 170 62 mais
5319 4971 161 63 recu
5532 4961 48 59 il
5613 4981 84 40 se
5746 4971 237 50 trouve
6038 4958 165 59 dans
6235 4956 289 75 l’impos-

5098 5055 221 74 siblité
5396 5056 85 60 de
5545 5055 282 75 pouvoir
5889 5053 67 60 le
5968 5044 362 73 remettre.
6378 5049 70 60 Il
6481 5069 63 39 à

5098 5150 310 62 toutefois
5461 5149 160 63 bien
5663 5149 167 70 soin,
5870 5146 87 62 de
5992 5146 163 62 faire
6186 5153 334 52 constater

5097 5265 136 56 par.
5286 5243 99 60 les
5445 5242 182 61 deux
5688 5251 371 66 personnes
6148 5247 371 66 voyageant

5073 5334 186 76 ‘avec
5298 5335 99 62 lui
5409 5321 179 102 qu’il
5617 5357 39 38 a
5682 5325 191 71 belet
5904 5335 154 84 bien
6086 5335 192 73 payé.
6311 5331 207 62 L'ins-

5098 5429 269 121 pecteur
5393 5430 119 77 qui
5558 5450 41 40 a
5618 5429 251 80 assisté
5876 5431 42 58 à
5955 5438 186 53 toute
6167 5436 172 80 cette
6381 5412 136 94 scè-

5098 5545 105 49 ne,
5251 5521 23 86 Ss
5297 5517 361 107 'empresse
5687 5523 105 76 d'y
5833 5503 242 97 mettre
6103 5520 94 62 fin
6249 5512 86 70 en
6366 5539 172 74 con

5096 5619 269 75 gédiant
5398 5609 65 71 le
5492 5618 353 77 voyageur.
5883 5618 62 60 A
5977 5597 377 95 quelques
6327 5605 211 85 jours

5098 5714 84 59 de
5224 5707 82 78 là,
5332 5712 68 61 le
5432 5715 225 59 même
5706 5713 388 80 Inspecteur
6166 5728 373 65 convoque

5072 5826 118 60 ‘en
5237 5826 158 56 gare
5418 5808 90 60 de
5544 5806 133 63 X...
5709 5806 65 62 le
5790 5807 221 58 même
6031 5801 302 63 individu
6352 5823 85 41 en
6454 5804 62 59 le

5100 5912 331 49 sommant
5480 5891 95 70 dé
5587 5898 223 94 verser
5828 5893 577 82 immédiatement
6436 5885 102 71 la

5100 6014 256 60 somme
5405 5995 88 61 de
5522 6005 229 51 trente
5767 5960 196 117 ‘cinq
6009 5991 322 61 centimes
6382 5989 132 63 afin

5066 6118 13 59 -
5099 6076 321 73 d'éviter:
5445 6107 116 47 un:
5577 6078 263 85 procès
5880 6085 290 67 verbal.
6212 6084 305 77 L'argent

5100 6182 283 61 réclamé
5419 6177 112 65 est
5555 6183 190 73 versé
5763 6180 70 75 le
5862 6182 236 64 même
6128 6179 181 74 jour,
6369 6189 147 51 tout

5101 6266 196 103 serait
5316 6266 140 103 fini
5485 6270 96 65 là
5619 6270 57 65 si
5700 6274 419 91 l'infortuné
6178 6285 337 63 voyageur

5099 6369 239 61 n'avait
5382 6389 84 41 cu
5506 6369 68 61 la
5621 6370 572 61 malencontreuse
6232 6369 151 61 idée
6434 6367 80 60 de

5101 6462 284 80 coucher
5434 6484 113 40 ses
5591 6463 350 62 doléances
5969 6453 132 96 sur
6125 6465 64 59 le
6231 6462 305 78 registre
6559 6511 49 9 L
6681 6444 114 68 De
6852 6451 157 85 plus
7051 6469 90 44 en
7182 6452 157 82 plus
7365 6470 140 48 nos
7543 6453 255 83 jeunes
7837 6471 173 49 con-
8045 6443 46 103 :

5101 6556 117 61 des
5271 6554 466 81 réclamations
5759 6557 294 76 figurant
6094 6576 83 60 en
6204 6568 189 64 gare.
6429 6556 85 69 Sa

5085 6639 261 86 plainte
5400 6660 119 71 est
5585 6650 307 61 instruite
5947 6671 122 56 par
6153 6651 66 60 le
6296 6653 218 57 même

5102 6734 388 88 Inspecteur
5522 6744 118 74 qui
5679 6753 200 66 ayant
5928 6747 147 59 tout
6117 6745 299 61 entendu
6452 6754 66 51 et

5100 6846 264 52 tout:vu
5391 6840 114 57 n’a
5547 6844 119 71 pas
5718 6827 222 86 obligé
6000 6838 169 60 celui
6210 6827 164 87 qu’il
6421 6859 98 38 re-

5102 6921 296 70 connait
5421 6931 415 61 maintenant
5889 6932 323 75 coupable
6250 6935 59 58 à
6318 6942 201 67 payer

5102 7017 196 52 avant
5340 7008 87 61 de
5468 7008 249 74 quitter
5757 7009 64 59 la
5859 7020 183 67 gare,

5163 7100 109 73 Ce
5313 7100 126 76 qui
5467 7096 158 86 s’est
5646 7106 233 70 passé,
5920 7121 169 43 vous
6138 7122 87 40 ne
6263 7103 256 62 sauriez

5096 7192 237 76 jamais
5389 7204 194 53 vous.
5613 7188 400 82 l'imaginer.
6065 7197 454 76 L'Inspécteur

5103 7306 85 41 ne
5267 7284 300 78 pouvant
5649 7288 144 70 nier
5864 7290 69 59 la
5984 7293 322 74 présence
6403 7292 116 62 des

5105 7380 173 62 deux
5311 7382 298 62 témoins
5642 7385 159 59 s'est
5836 7383 272 75 ingénié
6136 7386 41 59 à
6211 7384 102 61 les
6356 7384 162 77 faire

5105 7474 296 62 abonder
5431 7464 174 97 dans
5656 7494 120 41 son
5804 7495 176 43 sens.
6006 7480 174 59 «Les
6209 7466 294 75 témoins

5105 7566 328 77 invôqués
5478 7579 124 66 par
5645 7569 88 62 M.
5779 7569 135 62 X...
5962 7561 175 71 dit-il
6181 7572 170 61 dans
6396 7594 121 42 son

5107 7672 289 65 rapport
5418 7673 123 50 ont
5584 7662 151 61 bien
5793 7664 265 62 déclaré
6120 7654 259 75 J'avoir
6414 7689 84 40 vu

5106 7762 164 85 faire
5330 7765 338 62 semblant
5713 7761 83 65 de
5824 7757 165 71 tirer
6030 7768 84 63 de
6180 7780 76 51 sa
6310 7771 209 73 poche

5105 7876 125 41 son
5248 7859 530 76 porte-monnaié
5795 7869 158 83 sans
5963 7862 318 79 toutefois
6295 7885 224 46 verser

5093 7959 225 53 ‘aucun
5374 7963 306 66 argent.»

5168 8043 107 63 Ce
5349 8047 286 81 rapport
5667 8067 38 40 a
5740 8049 127 59 mis
5939 8038 92 74 fin
6073 8051 51 61 à
6148 8052 362 63 lincident.

5106 8136 108 61 Un
5243 8152 357 62 voyageur.
5631 8140 159 60 dont
5838 8143 492 63 l’honoräbilité
6357 8148 166 83 n'est

5106 8250 119 53 pas
5275 8236 342 65 contestéé
5707 8236 219 65 même
5980 8258 120 55 par
6141 8240 90 62 M,
6262 8240 263 62 Fontai-
6518 8232 44 85 |

5105 8343 86 41 ne
5217 8325 228 74 peut-il
5492 8325 176 72 faire
5709 8330 331 62 semblant
6083 8332 84 60 de
6191 8334 163 61 tirer
6399 8355 119 41 son

5104 8408 211 100 porte
5317 8408 320 100 monnaie
5711 8441 155 41 sans
5946 8419 230 82 payer.
6207 8419 198 85 alors
6460 8441 63 50 et

5104 8520 257 64 surtout
5419 8513 163 77 qu'il
5652 8516 215 74 s'agit
5895 8518 204 61 d'une
6167 8522 358 63 misérable

5103 8609 254 58 somme
5408 8606 89 62 de
5556 8619 217 50 trente
5814 8611 158 106 cinq
6014 8614 370 62 centimes
6324 8600 61 121 ?
6421 8606 101 72 Un

5101 8693 269 65 homme
5434 8700 327 73 sérieux,
5788 8724 136 50 une
5991 8692 529 103 administration

5101 8791 311 71 sérieuse,
5452 8796 402 88 peuvent-ils
5881 8780 327 82 admettre
6231 8822 135 41 une
6413 8823 111 54 pa-

5102 8885 183 68 reille
5348 8879 321 72 solution.
5748 8891 123 61 Cet
5935 8894 383 76 inspecteur
6381 8898 127 97 qui

5067 9042 20 23 |
5101 8980 154 72 s’est
5301 8977 262 80 sigrialé
5608 9004 117 53 par
5773 9005 138 41 une
5936 8989 386 60 trouvaille
6315 8989 56 61 si
6381 8980 151 93 ‘gén

5101 9078 173 64 niale
5321 9103 48 41 a
5394 9102 161 42 sans
5602 9085 197 75 doute
5836 9075 137 74 une
6062 9090 440 75 imagination

5101 9172 232 78 fertile.
5364 9176 143 62 Son
5525 9180 138 58 zèle
5685 9180 234 62 mérite
5939 9182 154 61 bien
6105 9204 146 56 une
6269 9188 246 69 récom-

5102 9278 223 62 pense.
5379 9270 92 61 La
5500 9270 437 75 gratification
5966 9277 84 57 de
6095 9277 184 73 mille
6297 9266 228 74 francs

5104 9361 158 74 qu’il
5306 9363 192 60 vient
5556 9364 89 58 de
5712 9367 305 62 recevoir
6062 9387 85 41 au
6236 9372 292 70 premier

5102 9452 274 63 Janvier
5402 9466 106 49 est
5536 9454 440 65 insuffisante,
6019 9458 55 60 Il
6125 9458 144 69 fàut
6290 9448 233 90 mieux

5104 9565 133 55 que
5285 9547 139 61 cela
5445 9567 178 53 pour
5649 9550 280 71 pouvoir
5969 9544 218 78 payer
6216 9570 111 41 ses
6355 9552 171 63 bons

5106 9646 65 49 et
5233 9639 244 72 loyaux
5529 9638 309 79 services.
5898 9639 383 61 Demandez
6349 9664 173 50 pour

5081 9727 142 59 lui.
5276 9728 91 58 M.
5421 9728 98 58 Le
5569 9728 366 79 Directeur,
5983 9721 65 90 la
6079 9721 184 67 croix
6337 9726 98 65 de
6465 9730 63 62 la

5109 9818 264 86 Légion.
5432 9816 395 61 d’honneur.
5860 9818 87 59 Je
5989 9817 192 61 serài
6225 9820 306 80 heureux

5107 9917 86 59 de
5241 9936 112 40 me
5390 9904 248 97 fendre
5670 9916 88 79 de
5818 9928 231 69 trente
6103 9921 156 75 cinq
6330 9924 197 60 centi-

5108 10018 169 61 mes,
5331 10007 84 61 et
5462 10010 72 57 le
5573 10024 336 60 voyageur
5951 10008 103 65 en
6082 10013 312 73 question
6445 10037 81 39 en

5108 10098 143 61 fera
5281 10120 158 40 sans
5492 10099 202 59 doute
5731 10111 234 54 autant
6004 10124 171 53 pour
6200 10105 268 63 acheter
6489 10111 42 58 à

5112 10201 109 47 cet
5290 10192 388 68 inspecteur
5747 10211 138 41 une
5945 10196 184 59 croix
6197 10199 123 72 qui
6381 10184 172 76 fera

5112 10279 445 60 l'admiration
5606 10280 81 59 de
5710 10281 152 61 tous
5890 10304 127 41 nos
6044 10287 482 65 subordonnés.

5116 10369 95 59 Ce
5250 10391 134 53 que
5418 10372 78 73 je
5535 10377 166 53 vous
5726 10374 105 59 dis
5848 10376 86 60 ici
5963 10389 103 50 est
6090 10381 266 60 sérieux
6386 10391 68 52 ét
6463 10384 69 74 je

5113 10480 168 39 vous
5328 10464 330 60 donnerai
5722 10484 161 44 mon
5925 10471 270 62 adresse
6220 10472 65 61 le
6324 10493 112 42 cas
6469 10480 67 58 é-
6523 10460 56 82 |

5116 10535 262 62 chéant.

5823 10617 265 68 Pierre
6135 10622 317 78 Ignotus

6755 477 506 144 Cronaca
7351 459 539 152 Aiaccina
7949 562 7 10 :

7198 756 204 64 Pour
7435 750 115 65 les
7612 750 411 89 deshérités

6700 894 116 64 De
6892 890 426 85 généreuses
7388 877 399 68 initiatives
7843 901 179 62 vont

6609 996 183 64 faire
6846 994 549 63 incessamment
7443 976 296 68 revivre
7777 998 90 47 en
7891 1007 129 52 no-

6606 1103 113 57 tre
6765 1095 177 62 ville
6995 1090 296 64 l'œuvre
7359 1079 480 67 bienfaisante
7929 1092 93 67 du

6606 1177 408 83 Fourneau
7049 1184 533 80 Economique.

6698 1295 140 86 Cet
6922 1287 535 68 établissement
7529 1280 119 84 qui
7735 1291 351 86 Ouvrira.

6609 1377 286 83 bientôt
6947 1410 114 44 ses
7154 1391 242 79 portes
7460 1383 180 63 dans
7732 1383 67 61 la

6611 1494 366 67 Maréchal
7037 1488 300 67 Fiorella
7400 1490 407 77 permettra
7862 1486 38 66 à
7935 1495 89 63 de

6607 1597 409 66 nombreux
7060 1588 476 88 malheureux
7598 1584 309 69 d'avaler
7957 1595 68 64 le

6610 1699 155 64 soir
6825 1713 188 47 venu
7064 1709 140 46 une
7264 1690 244 63 bonne
7559 1704 225 64 soupe
7813 1689 207 67 chau.

6608 1801 93 63 de
6770 1798 438 83 moyennant
7274 1810 144 47 une
7470 1788 148 65 très
7680 1789 342 82 modique

6596 1894 327 73 somme.

6626 1993 55 81 z-z
6682 2002 212 66 Nous
6957 2001 265 63 faisons
7284 1998 128 63 des
7456 2012 229 48 vœux
7744 1988 282 104 ardents

6607 2119 190 63 pour
6858 2117 133 64 que
7051 2089 75 72 la
7167 2094 269 65 charité
7452 2097 121 60 de
7578 2112 161 63 nos.
7782 2100 243 97 conci-
8058 2115 33 48 -:

6963 2196 184 63 fasse
7216 2180 214 77 durer
7497 2193 72 63 le
7625 2176 159 98 plus
7859 2186 232 91 pos--

6605 2206 264 78 toyens

6608 2301 187 62 sible
6840 2302 179 58 cette
7049 2311 246 47 oeuvre
7331 2293 92 64 de
7467 2292 216 64 haute
7745 2293 280 81 philan-

6607 2392 262 82 tropie.

6741 2486 3 2 |
7609 2485 70 64 A
7703 2481 308 117 l'œuvre

6683 2582 237 100 Notre
6986 2602 488 88 municipalité
7571 2606 224 80 paraît
7875 2574 139 106 être

7899 1389 140 68 rue
8022 1385 61 90 .

6607 2707 226 72 sortie
6892 2712 89 79 de
7024 2728 78 46 sa
7127 2707 347 83 léthargie
7494 2711 77 58 et
7583 2709 290 66 vouloir
7891 2705 183 77 rat.
8013 2701 63 94 -

6606 2820 245 76 traper
6867 2815 66 62 le
6959 2816 231 85 temps
7225 2808 250 83 perdu.

6696 2912 122 67 On
6854 2912 304 84 procède
7212 2904 504 70 actuellement
7750 2908 39 66 à
7815 2921 217 74 quel:

6607 3034 181 65 ques
6823 3020 301 61 travaux
7181 3008 145 127 que.
7379 3028 187 48 nous
7596 3011 420 90 souhaitons
8065 3055 21 39 :

6606 3118 171 65 voir
6864 3114 245 67 menés
7178 3113 41 65 à
7269 3114 247 64 bonne
7577 3112 100 65 fin
7716 3121 71 58 et
7876 3121 211 71 être.

6583 3203 257 81 suivis
6929 3219 87 61 de
7091 3222 150 59 tant
7307 3214 313 66 d'autres
7679 3233 138 65 que
7878 3204 134 103 lon
8023 3188 47 130 «

6605 3321 190 63 nous
6847 3324 60 70 a
6931 3318 283 90 promis
7277 3322 70 59 et
7402 3308 124 89 qui
7577 3316 435 85 s'imposent.

6696 3403 241 83 Parmi
6956 3437 120 65 ces
7111 3420 359 65 derniers:
7501 3416 586 83 l’achèvemeni
8020 3399 72 107 :

6608 3493 95 106 du
6783 3530 328 58 nouveau
7195 3520 278 90 collège
7526 3520 226 83 paraît
7810 3522 209 72 récla:

6605 3644 160 49 mer
6816 3623 355 85 l'urgence
7231 3624 78 63 si
7338 3621 149 68 l’on
7551 3642 93 44 ne
7679 3631 179 60 veut
7898 3642 135 68 pas
8078 3664 13 41 :

6604 3730 214 63 avoir
6886 3725 39 66 à
6960 3744 537 48 recommencer
7539 3729 173 99 plus
7748 3731 158 64 tard
7944 3752 79 45 ce

6596 3833 135 80 qui
6790 3834 110 61 est
6925 3827 191 86 déja
7175 3828 146 65 fait.

6694 3931 189 67 Mais
6941 3934 66 63 la
7044 3921 318 95 besogne
7427 3933 75 62 la
7554 3923 161 91 plus
7760 3933 256 85 impor-
8057 4025 5 3 -

6603 4040 207 62 tante
6866 4029 73 71 èt
6996 4033 41 66 à
7068 4023 326 105 laquelle,
7412 4036 474 79 semble-t-il,
7920 4056 96 49 on
8056 4046 34 39 :

6604 4159 97 44 ne
6782 4141 199 79 prête
7030 4155 127 65 pas
7225 4154 198 48 assez
7459 4127 428 78 d'attention
7913 4150 108 59 est
8045 4170 15 23 :

6603 4241 154 64 une
6795 4241 318 100 besogüe
7146 4235 110 68 de
7286 4233 368 72 salubrité
7711 4247 75 59 et
7803 4230 288 101 d'hy-:.

6603 4338 262 88 giène.

6667 4438 281 91 Quand
6992 4416 185 94 donc
7216 4461 140 48 nos
7390 4440 231 71 édiles
7655 4447 428 81 voudront
8022 4443 62 91 :

6604 4545 419 91 considérer
7071 4554 176 57 avec
7312 4549 69 62 le
7420 4544 293 76 sériéux
7759 4549 294 84 qu'elle
8005 4539 35 101 -

6602 4648 269 82 mérite
6932 4651 73 64 la
7059 4649 478 91 malpropreté
7575 4651 121 88 de
7739 4655 69 62 la
7843 4647 187 75 ville

6606 4740 192 95 pour
6817 4771 50 66 y
6882 4757 239 84 porter
7145 4742 860 93 promptementremède.

6687 4852 269 80 Quand
7010 4854 491 68 voudront-ils
7539 4874 77 46 se
7661 4855 288 97 décider
7974 4861 60 67 à
8073 4924 5 5 :

6599 4956 180 66 faire
6850 4965 236 57 cèsser
7163 4957 181 66 cette
7401 4959 406 83 ignominie
7890 4962 119 83 qui

6599 5057 421 86 s'appellela
7039 5071 175 55 cour
7233 5059 393 68 intérieure
7680 5062 125 65 des
7836 5066 178 62 mai-
8077 5137 10 8 _

6597 5178 175 49 sons
6834 5163 174 65 dont
7087 5179 93 54 on
7221 5161 124 68 fait
7383 5164 476 83 aujourd’hui,
7922 5178 138 76 au:

6595 5263 129 85 gré
6780 5265 125 65 des
6939 5249 393 95 locataires,
7374 5267 131 64 des
7533 5251 504 97 basse-cours,
8055 5190 36 149 '

6596 5367 131 64 des
6798 5385 211 66 auges
7058 5366 39 67 à
7132 5369 315 65 cochons
7495 5387 99 47 ou
7612 5370 129 86 des
7776 5358 254 81 fosses
8068 5359 23 100 ©

6595 5467 40 67 à
6672 5470 311 84 vidange
7019 5474 142 61 ??..

7428 5565 140 115 Lés
7634 5572 377 138 masques
8055 5575 35 18 È

6682 5727 276 85 Malgré
7015 5732 71 63 le
7142 5749 141 64 peu
7352 5730 293 90 d'allant
7699 5737 137 83 què
7898 5721 160 78 les
8071 5709 20 17 _

6595 5829 182 67 fêtes
6830 5832 95 65 du
6969 5821 325 77 carnaval
7352 5840 148 61 ont
7554 5835 188 65 cette
7780 5831 232 144 année
8028 5831 24 144 _

6594 5953 144 55 une
6777 5936 374 64 multitude
7206 5938 87 63 de
7327 5932 340 89 masques
7720 5947 141 60 ont
7882 5932 203 94 fait
8018 5928 68 102 :

6593 6024 152 102 leur
6780 6038 419 122 apparition
7280 6040 383 88 dimanche
7724 6017 279 121 dernier
8012 6021 56 111 :

6591 6244 133 63 vie
6749 6242 177 88 ville
6960 6260 136 65 que
7146 6247 70 61 la
7237 6247 448 90 persistance
7711 6248 97 65 du
7825 6246 229 73 beau

6593 6348 238 79 temps
6898 6353 93 57 ne
7017 6352 169 76 peut
7221 6349 277 65 arriver
7531 6347 44 67 à
7598 6347 326 88 dérider.

6593 6548 422 86 citoyennes
7030 6560 327 76 rompant
7375 6553 439 69 résolument
7832 6553 186 70 avec

6570 6653 116 118 les
6756 6651 350 87 préjugés
7132 6657 342 66 surannés
7503 6677 89 78 se
7618 6640 383 113 déguisent
8057 6644 34 64 ©

6594 6752 40 67 à
6671 6758 125 79 qui
6863 6758 248 85 mieux
7140 6761 270 66 mieux.

6685 6856 83 66 Et
6794 6858 267 79 chacun
7106 6880 37 46 a
7170 6881 98 66 pu
7313 6883 81 46 se
7428 6866 263 65 rendre
7720 6871 371 90 compte:

6568 6963 119 69 de
6741 6963 69 62 la
6844 6963 207 82 grôce
7088 6964 289 84 qu'elles
7411 6963 383 90 apportent
7830 6970 175 70 dans
8069 6963 22 89 .

6592 7065 197 63 leurs
6836 7063 196 82 ébats
7054 7072 265 76 mémes
7346 7066 448 90 lorsqu'elles
7850 7064 129 133 imi

6593 7171 163 61 tent
6801 7166 190 81 Julot
7050 7170 124 66 des
7212 7164 286 88 Fortifs,
7567 7193 94 49 ou
7691 7168 386 105 qu’elles
8022 7160 59 117 :

6597 7373 292 65 confère
6948 7375 69 63 le
7084 7397 290 69 masque
7414 7372 257 91 jeunes
7688 7392 188 75 gens
7912 7384 145 89 où

6582 6121 87 107 et
6713 6134 141 70 ont
6907 6138 251 88 essayé
7204 6122 383 107 d’'égaÿyer
7590 6124 225 86 notre
7841 6143 229 85 pàu-
8079 6129 12 101 "

8056 6409 35 33 Tai

8062 7222 27 16 ee

6575 7270 425 83 intriguent
7033 7283 174 56 avec
7249 7276 128 65 lea
7392 7278 199 96 culôt
7616 7300 39 40 >
7692 7297 137 67 que
7854 7265 159 100 leur

6591 7477 228 82 petits
6873 7481 249 63 vieux:
7161 7479 166 69 bien
7389 7494 327 75 propres.
7944 7481 144 81 el

6684 7582 305 85 Allez-y,
7071 7585 681 84 Mesdemoiseilles,
7802 7620 5 3 -
7828 7588 209 94 riez;-

6596 7783 42 67 à
6674 7802 140 49 vos
6848 7787 332 74 blanches
7222 7798 531 78 quenottes...si
7785 7778 226 103 cruel-

6595 7889 110 64 les
6727 7907 187 65 pour
6934 7913 38 46 «
6998 7895 105 62 les
7120 7891 420 94 hivernants
7561 7890 104 83 de
7674 7900 73 63 1a
7757 7886 134 97 vie
7920 7894 15 61 !
7968 7903 87 74 »..

6578 7688 281 74 sautez,
6916 7685 275 67 dansez.
7263 7688 95 67 Le
7386 7692 147 80 rire
7616 7713 102 44 va
7757 7694 60 69 si
7838 7691 168 84 bien.
8027 7681 34 98 _

6662 7991 168 66 -Car
6880 7994 184 67 c’est
7097 7992 260 71 encore
7402 7998 40 66 à
7482 7975 356 105 Carnaval
7875 7950 121 149 què
8007 7954 76 141 ©
8066 8004 10 8 |

6599 8094 189 67 vous
6849 8099 154 63 êtes
7064 8093 67 72 le
7166 8102 250 65 mieux
7457 8108 189 61 vous
7673 8093 279 108 même.

7295 8218 285 82 Ralph
7623 8222 44 66 à
7663 8187 333 190 Ajaccio
8030 8205 61 57 ch:

6677 8332 212 92 C'est
6916 8354 171 60 avec
7111 8347 94 57 un
7240 8341 114 65 vif
7372 8345 258 80 plaisir
7654 8351 137 75 què
7828 8326 244 80 10us
8020 8322 56 110 ~

6602 8428 449 92 apprenons
7046 8443 91 64 -la
7170 8461 238 58 venue
7442 8445 149 65 très
7627 8433 371 97 prochaine
8026 8414 58 119 *

6603 8538 100 64 du
6732 8538 290 91 célèbre
7088 8535 462 94 professeur
7571 8528 137 87 de.
7725 8540 341 99 Magné-
7997 8536 54 107 -

6600 8632 242 98 tisme,
6906 8618 449 118 hypnotisme
7460 8655 74 60 et
7599 8644 460 148 spiritisme.

6591 8734 255 93 Ralph
6889 8749 142 79 qui
7069 8749 182 67 n’est
7320 8758 130 75 pas
7516 8772 98 62 un
7700 8744 299 110 inconnu
7998 8748 56 102 .

6605 8854 192 73 pour
6865 8850 105 62 les
7015 8838 405 120 Ajacciens.

6693 8938 256 107 Raiph,
7001 8949 373 84 personne
7413 8964 96 55 ne
7552 8924 326 124 l'ignôre,
7904 8943 113 74 est
8029 8893 52 101 :

6607 9036 446 121 aujourd'hui
7072 9056 66 62 le
7171 9057 252 64 maître
7450 9055 432 70 incontesté
7890 9044 92 121 des
8007 9048 61 97 -

6608 9144 324 102 sciences
6947 9139 503 135 télépathique
7497 9166 75 59 et
7603 9151 307 94 spirite
7844 9147 53 103 ;
7915 9136 156 80 sa:

6584 9252 438 89 renommée
7075 9274 159 49 sans
7259 9277 204 47 cesse
7521 9260 484 87 grandissante
8034 9250 41 76 :

6606 9336 295 101 défraye
6948 9357 106 62 les
7068 9358 464 87 chroniques
7615 9365 95 65 du
7755 9353 266 147 monde

6605 9453 163 67 des
6811 9438 307 98 savants.

6693 9518 238 117 Ralph
6950 9558 120 79 qui
7090 9575 39 45 a
7144 9521 236 117 prédit
7393 9560 143 65 l'an
7561 9526 207 120 passé,
7815 9566 264 96 entre
8009 9547 60 119 .

6607 9622 280 92 autres
6904 9653 272 78 choses,
7225 9660 70 60 le
7352 9645 368 107 triomphe
7773 9667 92 83 de
7907 9653 156 82 M.

6609 9746 339 92 François
6986 9750 237 85 Coty
7226 9760 139 58 aux
7401 9744 341 106 élections
7821 9765 262 89 séna-:

6604 9847 298 62 toriales
6936 9864 182 50 nous
7186 9841 289 79 revient
7546 9850 233 76 d’une
7826 9850 250 79 tour-
8024 9837 48 96 :

6606 9929 141 80 née
6808 9946 127 64 de.
6989 9951 457 72 conférences
7533 9978 146 50 sur
7730 9967 71 63 la
7863 9956 228 74 côte

6608 10046 258 65 d'azur.

6693 10147 202 65 Nous
6928 10152 102 80 lui
7065 10145 415 83 souhaitons
7500 10185 154 49 une
7717 10156 309 113 cordiale
8078 10189 8 7 :

6608 10230 435 87 bienvenue,

7522 10323 407 133 Falchettu.

6919 10674 70 75 F
6958 10661 253 180 able
7271 10664 443 165 express

6691 10887 110 62 Au
6826 10910 193 47 cours
7034 10901 163 64 d’un
7214 10916 147 53 tout
7377 10916 231 61 récent
7631 10915 301 83 baptème

6696 10981 104 60 De
6824 11004 388 54 monument
7236 11020 85 40 on
7357 11011 309 62 entendit

6617 11070 199 66 Deux
6831 11081 150 62 voix
6997 11085 83 62 de
7096 11104 223 63 morts,
7316 11066 37 111 (
7378 11082 254 147 dégoût
7649 11082 396 99 suprême!)

6711 11212 20 16 e
6811 11203 16 32 o.
6915 11212 56 22 er

6619 11218 210 121 Dieu!
6843 11240 176 91 Deux
7039 11223 227 132 morts,
7300 11277 127 79 ho!
7455 11240 137 122 déja
7596 11239 193 121 faits,
7823 11253 207 96 rient!

7395 11376 92 64 P.
7534 11370 415 89 Borghetti.
