8036 8434
884 119 2025 150 VESC
2909 119 1913 150 SC
4821 119 2088 150 SPESE
6959 119 738 150 Sn,

6207 283 1098 167 JURNALI

691 364 1284 151 GIURNALI
2100 364 767 149 CORSI

397 799 292 64 L'Eveil
724 797 98 64 de
858 794 76 62 la
965 792 219 67 Corse
1217 827 84 10 —
1332 808 238 64 4-2-25

464 942 131 63 LA
650 937 242 68 MISE
953 937 132 64 EN
1137 931 448 101 SOMMEIL

570 1044 127 61 DE
735 1038 282 65 DEUX
1065 1032 404 68 COMITÉS

391 1302 69 16 ...
513 1261 101 55 Au
669 1251 271 63 Comité
989 1252 84 57 de
1109 1249 61 57 la
1216 1242 220 61 Péche
1466 1251 69 47 et
1562 1239 83 58 de
1670 1238 64 57 la

306 1350 457 66 Pisciculture,
822 1344 65 56 la
963 1343 212 56 même
1261 1331 323 63 situation
1662 1347 71 41 se

307 1444 125 57 fait
475 1442 169 71 jour.

389 1555 161 56 Lors
626 1550 85 57 de
763 1561 78 40 sa
929 1540 322 75 première
1324 1532 289 62 réunion
1670 1538 65 49 et

307 1648 199 69 après
555 1661 103 39 un
697 1636 306 69 échange
1080 1632 81 55 de
1211 1645 183 46 vues,
1455 1623 50 58 il
1562 1620 172 61 avait

308 1736 125 61 été
486 1727 556 67 solennellement
1060 1738 288 43 reconnu
1377 1735 137 54 que
1542 1715 65 58 la
1644 1713 89 85 si-

306 1830 257 61 tuation
617 1827 120 58 des
793 1818 278 60 rivières
1122 1814 81 59 de
1251 1811 132 59 l'île
1440 1805 290 76 appelait

302 1919 142 70 des
482 1931 299 46 mesures
836 1920 308 59 urgentes
1183 1895 170 82 pour
1396 1898 336 60 remédier

302 2017 42 53 à
371 2013 143 56 leur
564 2001 535 79 dépeuplement.

384 2130 91 57 Le
520 2125 147 75 plus
710 2115 218 81 grand
982 2113 273 61 nombre
1288 2108 122 58 des
1452 2103 273 60 rivières

300 2225 89 57 de
415 2220 146 67 l'île,
591 2224 155 52 sont
775 2214 40 54 à
847 2211 283 70 système
1147 2196 369 69 torrentiel,
1546 2195 181 58 c'est-

301 2314 231 61 à-dire,
590 2320 298 60 presque
939 2296 336 63 asséchées
1330 2310 86 38 en
1474 2281 126 104 été,
1599 2281 127 104 dé-

297 2405 288 60 bordant
646 2418 89 39 au
783 2393 328 59 contraire
1161 2406 82 40 en
1294 2382 218 63 hiver.
1600 2377 124 59 Les

303 2499 290 70 frayères
648 2484 364 65 naturelles
1064 2490 147 51 sont
1250 2470 174 104 ainsi
1480 2465 245 83 soumi-

302 2610 113 39 ses
454 2592 37 55 à
518 2588 80 56 de
624 2579 376 65 nombreux
1044 2572 328 61 accidents
1401 2576 91 58 et,
1541 2563 84 57 de
1651 2582 75 37 ce

308 2679 173 69 chef,
511 2679 59 57 le
623 2668 730 76 réempoissonnement
1379 2666 106 51 est
1513 2654 211 59 rendu

303 2771 285 61 difficile.
656 2763 224 63 Enfin,
962 2781 85 38 ne
1096 2752 299 63 l’oubliez
1464 2767 144 53 pas,
1638 2765 85 40 en

300 2864 334 60 charriant
659 2859 100 58 de
788 2854 369 59 nombreux
1206 2843 396 63 matériaux,
1632 2838 90 58 du

304 2957 204 68 sable,
564 2954 82 57 de
710 2951 70 56 la
805 2958 198 63 terre,
1034 2943 81 58 de
1148 2938 375 60 nombreux
1550 2926 171 83 pois-

296 3069 163 41 sons
485 3077 73 9 —
584 3033 82 70 et
718 3038 156 78 plus
948 3031 604 77 particulièrement
1603 3022 116 59 des

296 3141 271 75 petits—
619 3142 160 54 sont
804 3127 298 60 détruits.

377 3241 254 68 Devant
676 3259 115 43 ces
813 3233 493 67 constatations,
1337 3229 65 59 le
1457 3222 261 63 Comité

296 3329 179 75 avait
514 3336 232 61 décidé
776 3331 88 59 dé
914 3332 332 70 présenter
1298 3341 86 38 au
1418 3317 302 61 Ministre

295 3457 96 39 un
443 3432 213 73 projet
698 3424 88 60 de
841 3422 287 58 création
1180 3416 167 59 dans
1391 3412 67 58 le
1486 3410 233 71 dépar-

292 3534 272 56 tement,
620 3521 162 58 d’un
863 3513 293 60 modeste
1219 3504 501 63 établissement

299 3622 86 58 de
412 3613 429 80 pisciculture
897 3626 166 51 pour
1118 3597 327 65 remédier
1510 3597 38 56 à
1589 3611 133 40 une

297 3710 313 62 situation
648 3693 126 86 qui
811 3720 87 38 ne
941 3696 436 63 s’améliorera
1425 3707 122 55 pas
1579 3696 141 49 tou-

291 3817 71 46 te
400 3803 196 61 seule.
673 3871 20 13 |

373 3919 60 56 A
470 3914 64 58 la
598 3906 355 64 deuxième
1012 3900 272 61 réunion
1332 3896 93 57 du
1456 3887 259 65 Comité

295 4039 80 11 —
405 4026 121 40 son
578 4004 187 70 siège
818 4006 201 62 ayant
1070 3996 101 55 été
1216 3982 500 67 consciencieu-

295 4108 256 52 sement
600 4095 125 59 fait
750 4119 79 10 —
857 4098 63 49 et
983 4105 152 41 sous
1177 4077 301 65 l'éternel
1526 4070 196 61 motif

303 4191 203 76 «qu'il
570 4192 108 69 n'y
713 4204 41 37 a
810 4180 139 61 rien
991 4182 35 57 à
1055 4177 159 60 faire
1249 4192 85 41 en
1364 4170 216 60 Corse
1600 4185 30 31 »
1652 4164 63 59 le

293 4285 214 75 projet
555 4277 316 79 présenté
914 4283 111 50 eut
1062 4270 95 59 les
1183 4269 349 59 honneurs
1558 4258 153 60 d'un

292 4380 467 72 ajournement
810 4369 150 58 size
985 4365 129 60 die.

369 4489 171 58 Tout
593 4485 146 59 cela
767 4491 105 47 est
922 4476 443 61 évidemment
1410 4468 300 72 déplora-

290 4584 132 58 ble.
481 4581 125 58 Par
659 4593 81 44 ce
785 4570 282 76 procédé
1102 4564 325 69 dilatoire,
1466 4564 247 72 perbé-

293 4685 162 59 fue,
510 4692 87 39 on
641 4667 196 76 prive
886 4663 64 59 la
1003 4662 201 58 Corse
1229 4658 85 59 de
1340 4665 224 50 toutes
1614 4653 97 59 les

291 4763 499 69 améliorations
835 4756 164 59 dont
1035 4763 150 51 sont
1211 4749 503 75 copieusement

291 4860 189 59 dotés
535 4856 96 60 les
696 4833 227 79 autres
974 4848 488 72 départements
1516 4849 67 50 et
1609 4859 96 50 ce,

289 4957 42 55 à
371 4972 125 56 peu
548 4951 156 73 près
751 4941 481 76 gratuitement,
1261 4936 297 76 puisque
1591 4951 118 55 par

287 5048 68 57 le
399 5045 111 74 jeu
563 5043 118 58 des
732 5037 216 71 larges
989 5029 433 63 subventions
1450 5020 130 103 qu
1590 5024 118 60 ac-

288 5138 199 59 corde
522 5134 223 65 l'Etat,
800 5128 96 58 les
924 5128 486 73 départements
1437 5120 287 73 intéres-,

291 5235 110 55 sés
441 5226 180 62 n'ont
645 5229 40 57 à
736 5221 165 59 faire
942 5222 197 72 qu'un
1175 5215 306 62 modeste
1518 5211 190 59 effort

288 5321 383 60 établissant
725 5315 149 58 leur
920 5312 173 60 désir
1150 5307 420 61 d’améliorer
1610 5304 95 59 les

286 5414 371 60 conditions
679 5406 492 73 économiques,
1201 5423 174 53 pour
1391 5403 141 57 être
1559 5398 148 59 sub-

286 5507 418 60 ventionnés.

368 5616 94 58 En
514 5614 138 69 fait,
714 5610 199 69 donc,
944 5628 129 40 une
1098 5608 374 73 puissance,
1525 5612 181 65 peut-

287 5713 139 56 étre
488 5707 282 64 occulte,
821 5716 37 45 a
894 5723 90 52 pu
1036 5700 256 61 obtenir
1345 5718 139 56 que
1536 5696 170 59 deux

288 5801 292 59 Comités
614 5829 80 10 —
739 5815 170 53 pour
961 5807 83 46 ne
1080 5794 156 59 citer
1270 5799 146 66 que
1451 5788 254 61 ceux-là

282 5925 64 7 —
380 5877 157 90 dont
558 5912 90 38 on
678 5886 279 77 pouvait
991 5886 314 69 attendre,
1348 5902 163 41 sans
1548 5881 156 59 dou-

283 5997 87 56 te,
409 5984 429 60 d'heureuses
866 5979 432 83 suggestions,
1339 5975 223 61 soient
1576 5972 127 60 mis

283 6098 87 39 en
397 6076 326 60 sommeil.

365 6186 210 59 Est-ce
620 6185 162 74 bien
839 6181 60 58 là
953 6183 62 58 le
1052 6200 238 53 moyen
1345 6178 88 60 de
1468 6185 236 63 mettré

284 6300 87 39 en
401 6298 225 40 ceuvre
654 6278 101 57 les
795 6275 250 59 bonnes
1081 6274 305 58 volontés
1415 6269 118 74 qui
1553 6267 147 60 s'of-

280 6372 175 59 frent
475 6391 166 54 pour
674 6385 294 61 amener,
989 6365 199 70 enfin,
1201 6384 79 39 ce
1293 6364 410 60 relèvement

283 6462 447 73 économique
787 6459 163 61 dont
1009 6480 84 39 on
1152 6457 182 73 parle
1396 6453 304 74 toujours

265 6539 183 75 mais
491 6555 164 59 dont
710 6572 90 39 on
841 6571 84 41 ne
968 6553 296 72 s'occupe
1292 6547 246 76 jamais
1574 6546 36 58 ?

360 6663 166 60 Tant
565 6664 108 74 pis
703 6661 35 58 ?
766 6651 199 72 Tan#fi
979 6662 216 61 mieux
1220 6662 35 57 ?
1288 6661 88 59 Je
1425 6680 89 40 ne
1557 6677 144 41 sau-

278 6758 132 58 raîs
449 6757 227 59 mieux
728 6754 326 61 conclure.

621 6862 290 65 Lucien
948 6862 664 66 CIROD-GENET.

365 7193 105 62 La
501 7195 240 62 Jeune
782 7192 219 65 Corse
1026 7231 83 10 —
1145 7213 253 67 7-2-25.

365 7326 169 62 LES
570 7307 463 86 RÉSEAUX
1062 7331 178 63 DES
1280 7332 79 63 C.
1403 7332 84 63 F.
1519 7332 89 61 D.

277 7528 253 61 CELUI
561 7530 120 60 DE
711 7529 110 59 LA
837 7530 278 62 CORSE
1143 7535 157 62 EST
1331 7538 114 62 EN
1477 7526 235 76 TÊTE

978 7701 23 19 7

349 7810 303 63 Pendant
679 7813 66 58 la
786 7818 288 59 semaine
1118 7820 84 59 du
1251 7837 38 57 4
1315 7842 90 39 au
1435 7830 80 51 16
1551 7822 143 73 jan-

276 7903 159 63 vier,
465 7903 95 59 les
604 7914 285 49 recettes
940 7909 88 59 du
1062 7916 231 58 réseau
1339 7935 191 41 corse
1559 7915 136 77 (299

276 7991 409 79 kilomètres)
710 8015 77 39 se
812 8011 150 48 sont
988 8002 253 63 élevées
1274 8010 38 55 à
1343 8011 211 72 69.361
1588 8010 105 73 fr.,

1816 788 133 60 soit
1974 791 119 73 234
2118 790 85 58 fr.
2233 792 74 58 35
2338 810 117 53 par
2480 791 375 67 kilomètre,
2874 808 89 39 ce
2999 787 114 75 qui
3156 807 100 39 re-

1819 883 310 68 présente
2156 902 123 53 par
2306 893 269 61 rapport
2600 885 39 54 à
2668 882 64 56 la
2778 880 294 60 semaine
3112 899 143 38 cor-

1813 976 453 65 respondante
2294 974 81 58 de
2415 973 263 58 l'année
2707 986 174 58 1924,
2922 992 132 40 une
3091 990 159 54 aug-

1812 1067 369 57 mentation
2212 1066 83 55 de
2321 1065 176 71 7.075
2525 1065 82 57 fr.
2651 1085 86 37 ou
2783 1080 67 43 11
2898 1067 78 57 fr.
3014 1064 76 58 36
3127 1083 122 52 par

1812 1152 381 62 kilomètre.

1888 1262 57 54 A
1983 1263 210 70 partir
2233 1264 89 57 du
2381 1250 80 71 1*
2500 1260 267 76 janvier
2811 1262 98 59 les
2965 1272 279 49 recettes

1811 1368 72 41 se
1929 1363 156 48 sont
2157 1354 260 58 élevées
2455 1355 40 56 à
2556 1352 249 72 144.581
2879 1353 78 60 fr.
3014 1363 231 49 contre

1813 1443 255 72 129.465
2095 1443 81 58 fr.
2211 1464 85 37 en
2335 1458 169 58 1924,
2535 1443 134 60 soit
2706 1463 136 39 une
2862 1443 379 70 différence,

1811 1554 85 40 en
1943 1537 237 57 faveur
2232 1536 84 56 de
2365 1537 168 69 1925,
2589 1536 86 57 de
2738 1535 212 61 15.115
3006 1535 80 60 fr.
3157 1556 85 39 ou

1812 1641 66 45 11
1912 1624 82 62 fr.
2027 1629 73 72 67
2129 1647 123 52 par
2279 1625 373 62 kilomètre.

1890 1733 251 77 Depuis
2185 1737 63 58 le
2278 1749 79 46 1*
2390 1736 266 74 janvier
2682 1737 63 59 la
2801 1736 311 62 situation
3161 1738 84 57 de

1808 1830 65 56 la
1901 1825 417 77 Compagnie
2343 1828 114 61 des
2511 1828 304 61 chemins
2855 1830 83 61 de
2987 1829 100 59 fer
3132 1829 115 60 dé-

1806 1929 511 65 partementaux
2342 1939 71 38 se
2437 1924 314 68 présente
2777 1939 259 41 comme
3063 1921 137 59 suit
3220 1942 19 37 :

1884 2025 261 60 Réseau
2201 2027 119 59 des
2373 2026 368 60 Charentes
2856 2042 59 57 4,
2996 2043 75 56 14
3153 2048 84 40 en

1805 2114 222 63 moins
2058 2140 16 47 ;
2108 2118 260 59 Réseau
2408 2119 88 59 du
2526 2118 305 61 Vivarais
2863 2140 18 37 :
2923 2119 174 73 10,27
3152 2140 83 40 en

1804 2207 173 76 plus;
2004 2209 212 73 Ligne
2248 2211 83 57 de
2356 2211 62 58 la
2449 2211 274 60 Lozère:
2769 2225 231 61 7,79en
3017 2212 219 59 moins

1804 2320 121 57 par
1949 2301 376 61 kilomètre.

1880 2409 187 62 C’est
2084 2412 178 59 donc
2287 2412 63 60 le
2377 2416 239 56 réseau
2644 2412 83 60 de
2772 2414 64 57 la
2865 2415 205 59 Corse
3117 2412 116 74 qui

1803 2501 221 63 arrive
2054 2525 84 40 en
2166 2507 134 56 tête
2326 2524 161 41 avec
2524 2525 137 39 une
2700 2525 274 59 avance
3006 2510 235 72 appré-

1805 2593 212 63 ciable
2045 2616 118 40 sur
2189 2597 98 59 les
2314 2607 217 50 autres
2561 2601 281 56 réseaux
2862 2599 82 60 de
2962 2598 62 59 la
3041 2597 200 61 Com-

1804 2689 243 72 pagnie
2074 2689 121 59 des
2224 2689 75 60 C..
2323 2690 71 59 F.
2419 2691 80 56 D.
3137 2680 9 7 |

1882 2795 234 62 Senza
2145 2791 370 69 cummenti
2535 2786 44 71 !

2451 2953 53 61 FK.
2534 2957 45 39 *

2486 3014 50 40 +

1884 3164 109 65 La
2031 3166 230 64 Corse
2297 3202 80 9 —
2428 3186 249 64 1-2-25.

2054 3308 136 101 LA
2229 3335 403 65 LANGUE
2673 3336 298 66 CORSE

1880 3595 431 78 Lorsqu'ilya
2336 3589 256 70 bientôt
2609 3599 177 60 deux
2812 3597 254 69 siècles,
3091 3598 144 59 Mu-

1800 3674 204 99 ratori
2014 3690 116 58 dit
2148 3712 133 54 que
2307 3691 97 61 les
2425 3693 248 60 Corses
2701 3692 265 62 avaient
2997 3678 105 73 été
3133 3691 99 59 les

1802 3783 323 74 premiers
2163 3787 40 57 à
2231 3784 207 61 écrire
2467 3786 149 60 leur
2654 3786 266 75 langue,
2970 3785 46 58 il
3046 3804 85 39 ne
3159 3803 73 40 se

1796 3873 425 78 doutait'pas
2261 3898 132 54 que
2431 3880 64 58 le
2546 3878 282 61 dialecte
2872 3887 187 52 corse
3129 3876 102 59 fut

1795 3964 180 63 aussi
2005 3989 91 38 un
2119 3970 121 57 des
2268 3969 220 60 mieux
2516 3974 361 57 conservés
2927 3971 85 56 de
3055 3969 177 59 l’Oc-

1795 4057 225 63 cident
2078 4060 534 60 méditerranéen
2669 4060 361 76 depuis:les
3083 4079 151 53 pre-

1792 4148 206 62 miers
2024 4151 335 61 habitants
2378 4153 82 58 de
2487 4172 115 41 ces
2630 4156 325 59 contrées.

1869 4260 57 60 A
1954 4260 385 62 différentes
2370 4262 289 75 reprises
2686 4262 66 59 la
2777 4262 240 72 langue
3037 4279 191 42 corse

1793 4370 37 41 a
1856 4356 382 74 préoccupé
2262 4356 96 59 les
2410 4354 468 76 intelligences
2893 4364 66 49 et
3002 4354 227 60 donne

1792 4443 132 62 lieu
1954 4445 39 60 à
2007 4448 135 60 des
2163 4447 529 62 manifestations
2713 4449 83 58 de
2822 4449 248 73 l'esprit
3094 4448 135 59 fort

1792 4536 499 65 intéressantes.

1869 4648 101 62 En
2001 4650 176 75 1837,
2226 4673 88 38 on
2348 4652 185 72 parle
2575 4653 96 59 du
2713 4652 279 64 dialecte
3033 4670 194 42 corse

1793 4759 165 42 avec
1985 4755 324 62 avantage
2336 4767 18 49 ;
2410 4766 88 39 on
2525 4747 67 58 le
2616 4745 196 60 traite
2863 4763 257 44 comme
3164 4746 64 57 le

1789 4836 221 59 moins
2038 4856 354 54 corrompu
2434 4839 118 59 des
2607 4838 327 62 dialectes-
2958 4837 264 61 italiens

1781 4935 77 49 et
1895 4927 383 62 infiniment
2304 4930 149 74 plus
2489 4952 26 28 «
2546 4921 391 83 intelligible
2984 4950 134 55 que
3156 4932 66 58 le

1782 5017 242 78 jargon
2054 5022 86 59 de
2170 5022 326 73 Napleset
2539 5024 85 58 de
2684 5024 241 70 Gênes,
2973 5024 83 59 de
3096 5024 127 60 Bo-

1787 5112 220 75 logne,
2040 5116 85 58 de
2152 5115 203 60 Milan
2379 5128 66 48 et
2471 5135 136 55 que
2626 5117 71 59 le
2747 5115 308 74 gracieux
3108 5119 112 57 vé-

1787 5205 210 62 nitien
2021 5232 56 35 ».

1862 5321 103 57 Au
1995 5318 230 60 milieu
2254 5319 115 72 des
2396 5321 407 61 révolutions
2823 5333 65 52 et
2918 5321 131 61 des.
3077 5342 143 55 sys-

1785 5411 687 77 tèmeslinguistiques
2487 5404 594 80 actuels,continue
3092 5416 124 60 Va-

1786 5501 140 76 lery
1952 5501 302 79 (Voyage
2280 5521 82 46 en
2391 5508 213 60 Corse
2631 5505 178 78 1837)
2849 5529 134 43 une
3013 5509 204 60 haute

1785 5591 267 66 fortune
2096 5600 247 69 attend,
2382 5601 351 73 peut-étre,
2776 5622 75 41 ce
2910 5601 301 70 dialecte,

1786 5691 287 74 puisque
2100 5690 65 60 le
2190 5692 259 60 célèbre
2474 5704 240 49 auteur
2739 5691 83 64 de
2852 5695 63 62 la
2950 5715 31 31 «
3010 5696 206 60 storia

1785 5780 176 76 degli
1990 5784 268 59 Antichi
2302 5787 223 74 popoli
2554 5788 254 60 italiani
2854 5803 30 34 »
2941 5809 38 39 a
3018 5810 119 39 cru
3171 5810 46 54 y

1787 5886 389 49 rencontrer
2227 5879 96 58 les
2367 5880 261 60 racines
2682 5880 119 60 des
2853 5880 364 62 anciennes
3267 5919 12 9 È

1784 5965 279 77 langues
2090 5967 307 75 italiques
2426 5997 30 31 »
2490 5973 102 59 De
2630 5973 378 61 Montherot
3036 5974 184 74 (Pro-

1784 6062 322 58 menades
2150 6080 84 40 en
2281 6061 208 77 Corse
2556 6063 181 77 1840)
2805 6069 219 73 ajoute
3048 6088 172 55 que

1782 6149 271 63 l'italien
2083 6156 208 71 qu'on
2320 6157 182 73 parle
2530 6179 86 37 en
2646 6157 207 66 Corse
2879 6171 100 49 est
3007 6162 139 60 bon
3198 6175 17 37 :

1782 6237 158 67 c'est
1958 6265 291 55 presque
2237 6233 102 95 la
2351 6247 259 76 langue
2637 6261 268 53 toscane
2926 6279 56 33 ».

1859 6356 460 74 Gregorovius
2339 6361 115 72 qui
2481 6381 40 39 a
2550 6362 166 61 écrit
2741 6373 142 52 tant
2907 6364 82 60 de
3008 6365 211 60 belles
3211 6347 63 93 |

1782 6464 203 58 pages
2015 6468 118 40 sur
2152 6460 189 50 notre
2367 6472 192 55 pays,
2587 6476 44 52 y
2657 6465 233 54 trouve
2924 6458 81 60 de
3021 6478 200 54 gran-

1781 6538 117 62 des
1925 6542 345 74 analogies
2289 6564 163 42 avec
2477 6546 65 61 la
2571 6548 248 74 langue
2836 6551 116 60 des
2973 6550 247 62 Trans-

1780 6635 302 61 tévère...

1854 6740 403 67 Tommaseo
2302 6749 282 72 déclare,
2615 6753 41 68 à
2684 6772 120 40 son
2849 6761 171 62 tour,
3079 6774 138 54 que

1776 6833 66 59 le
1868 6838 284 59 dialecte
2182 6859 189 41 corse
2390 6854 100 48 est
2514 6843 67 60 le
2609 6845 152 74 plus
2786 6865 126 54 pur
2939 6846 118 61 des
3082 6848 138 59 dia-

1777 6926 206 64 lectes
2001 6931 268 61 italiens
2287 6944 64 49 et
2368 6935 546 76 l'Encyclopédie
2932 6940 89 60 du
3039 6941 181 59 XIX:

1779 7018 203 62 siècle
2008 7042 87 40 en
2125 7026 375 71 exprimant
2527 7030 64 59 la
2645 7031 216 61 même
2898 7036 251 70 pensée
3173 7055 46 52 y

1780 7115 172 59 mêle
1978 7116 123 58 des
2144 7128 173 48 mots
2343 7120 325 75 d’origine
2695 7142 419 57 mauresque.

1857 7224 300 73 Opinion
2219 7227 343 78 identique
2608 7231 161 61 chez
2801 7235 79 61 G.
2907 7235 151 60 Livi
3094 7217 124 93 (La

1779 7312 275 65 Corsica
2084 7339 38 39 e
2152 7319 268 64 Cosimo
2450 7324 207 70 1885),
2688 7325 157 62 chez
2861 7326 72 60 F.
2971 7329 246 61 Lencia

1776 7403 362 81 (Pasquale
2171 7413 181 59 Paoli
2391 7435 38 39 e
2457 7415 65 60 le
2550 7438 239 54 guerre
2828 7420 389 76 d'Indepen-

1777 7498 212 65 denza
2016 7504 176 59 della
2221 7504 290 73 Corsica,
2552 7509 199 78 1890).

1857 7613 179 59 Pour
2065 7632 86 41 ne
2180 7634 115 53 pas
2323 7617 286 76 fatiguer
2646 7622 65 59 le
2741 7622 266 72 lecteur,
3041 7645 175 40 nous

1774 7720 275 44 cessons
2115 7717 169 50 cette
2361 7714 461 62 énumération
2875 7717 337 60 d'auteurs

1774 7797 139 69 qui,
1947 7801 38 54 à
2011 7799 417 65 l'unanimité
2465 7825 76 42 se
2566 7808 338 62 déclarent
2936 7830 173 54 pour
3146 7812 66 60 le

1775 7887 214 62 Corse
2013 7891 283 63 dialecte
2320 7895 308 64 italien...

1856 7983 255 74 Depuis
2139 7987 324 75 quelques
2489 7996 273 68 années,
2786 8015 133 41 une
2939 7998 276 61 ardente

3350 354 303 60 croisade
3680 364 103 47 est
3808 362 244 54 menée
4079 368 155 41 avec
4260 340 280 63 chaleur
4563 347 68 49 et
4643 354 126 85 con

3342 447 242 58 viction
3607 446 446 77 patriotiques
4071 460 116 56 par
4212 445 180 51 toute
4414 452 136 41 une
4578 430 198 73 pléia-

3338 538 82 58 de
3448 537 83 58 de
3555 536 344 72 fougueux
3920 531 476 83 régionalistes,
4441 519 330 65 écrivains

3337 629 366 58 dialectaux
3731 629 86 58 de
3834 632 236 59 valeur
4097 622 295 73 quitous,
4428 637 84 37 en
4530 606 230 112 dehors

3335 719 82 58 de
3442 729 182 48 toute
3652 721 523 77 préoccupation
4224 710 345 75 politique,
4603 719 168 42 mais

3338 811 442 71 uniquement
3806 834 86 40 au
3924 832 161 42 nom
4120 808 81 58 de
4250 805 63 57 la
4368 800 265 59 science
4680 792 86 58 du

3335 903 277 72 langage
3640 914 64 47 et
3732 924 123 52 par
3884 923 241 43 amour
4165 899 85 58 du
4303 889 264 67 terroir,
4622 885 148 73 prô-

3333 1006 159 46 nent
3518 994 64 57 le
3609 994 329 63 maintien
3971 1001 82 56 de
4081 994 60 57 la
4183 990 242 68 langue
4468 997 192 42 corse
4703 984 65 49 et

3330 1086 402 58 demandent
3766 1091 244 68 qu’elle
4038 1085 125 59 soit
4189 1092 338 48 reconnue
4562 1080 66 49 et
4652 1088 115 39 en”

3328 1177 268 74 seignée
3642 1176 502 65 officiellement
4188 1172 163 59 dans
4407 1166 99 57 les
4549 1155 207 79 écoles

3327 1268 351 59 insulaires
3731 1290 170 41 avec
3939 1266 312 67 l'histoire
4300 1260 90 58 du
4456 1274 164 56 pays
4678 1271 85 40 au

3327 1362 215 57 même
3567 1360 154 58 titre
3751 1381 136 54 que
3915 1367 66 57 le
4008 1354 300 73 français.

3407 1453 90 56 Le
3514 1450 273 72 journal
3837 1478 33 30 «
3887 1460 60 56 A
3976 1454 230 61 Muvra
4229 1459 32 32 »
4301 1450 101 51 est
4436 1440 195 58 Yâme
4681 1434 85 59 de

3329 1561 75 40 ce
3450 1559 435 49 mouvement
3927 1546 296 63 naissant
4265 1536 167 58 dont
4474 1527 290 62 l'intérêt

3328 1655 85 39 ne
3467 1637 248 57 saurait
3775 1639 144 60 être
3974 1639 325 62 méconnu
4367 1642 125 56 par
4544 1637 218 41 aucun

3329 1727 225 59 Corse.
3590 1728 51 60 Il
3670 1748 177 41 nous
3875 1729 275 65 semble,
4200 1742 79 41 en
4311 1721 176 68 effet,
4522 1733 132 57 que
4701 1710 62 58 le

3325 1821 397 71 patrimoine
3764 1825 219 60 moral
4046 1820 150 59 d'un
4267 1813 243 76 peuple
4592 1805 170 61 n'est

3323 1914 410 72 sauvegardé
3762 1934 136 53 que
3940 1930 122 54 par
4086 1929 71 37 sa
4181 1909 263 69 langue.

3397 2002 174 61 C'est
3598 2023 86 41 en
3713 2015 194 51 vertu
3938 2005 86 58 de
4051 2010 73 49 ce
4149 1994 301 75 principe
4469 1990 287 60 élémen-

3318 2092 167 61 taire
3511 2115 131 53 que
3672 2097 101 60 les
3803 2097 432 64 Provençaux
4265 2095 120 51 ont
4435 2103 80 38 su
4548 2077 208 61 main-

3319 2185 176 60 tenir
3515 2188 62 58 la
3605 2188 170 73 leur,
3808 2186 256 75 malgré
4090 2190 213 51 toutes
4325 2179 100 58 les
4479 2168 276 63 difficul-

3317 2282 100 56 tés
3445 2281 192 72 qu'ils
3664 2291 121 51 ont
3812 2277 424 63 rencontrées
4265 2290 117 40 sur
4416 2268 147 59 leur
4603 2262 150 61 che-

3318 2371 162 60 min.
3513 2372 94 61 Ce
3636 2374 115 72 qui
3777 2391 40 39 a
3846 2375 110 56 été
3980 2366 117 63 fait
4124 2384 116 54 par
4286 2363 65 59 la
4410 2362 341 60 Provence

3317 2474 66 49 et
3408 2464 95 59 les
3533 2466 442 67 Provencaux
4001 2467 156 63 peut
4182 2467 64 49 et
4272 2455 144 61 doit
4443 2455 139 58 étre
4632 2448 119 60 fait

3322 2577 121 52 par
3470 2558 63 58 la
3561 2557 210 61 Corse
3800 2568 68 48 et
3892 2557 101 59 les
4024 2552 310 58 Corses...

4136 2667 87 62 X.
4265 2659 397 96 TOMASI.

3771 2801 955 53 casee
4267 2790 92 78 eun
4371 2790 118 78 nna
4488 2790 163 78 ae
4677 2790 52 78 u

3597 2924 867 93 L'Almanaccu

3419 3191 622 75 L'Almanaccu
4110 3184 87 75 di
4257 3183 83 76 A
4421 3180 321 78 Muvra

3310 3343 148 76 per
3495 3341 184 76 1925
3725 3322 46 67 è
3812 3313 337 80 surtitu!
4192 3307 145 78 208
4391 3305 342 105 pagine!

3311 3470 139 50 roo
3515 3443 342 101 disegni
3914 3444 17 71 !
4012 3436 41 77 8
4096 3458 375 55 canzone
4531 3456 106 51 cu
4691 3455 47 49 a

3310 3571 330 75 musica
3684 3570 19 71 !

3418 3697 38 74 I
3524 3696 159 100 più
3728 3719 219 78 gran
4003 3688 365 81 scrivani
4408 3713 44 49 e
4479 3692 260 98 pueta

3314 3822 212 77 corsi
3637 3822 288 77 Santu
3985 3818 466 90 Casanova,
4537 3812 203 75 Luc-

3314 3948 313 94 ciardi,
3695 3946 499 93 Maistrale,
4287 3939 440 93 Martinu,

3316 4073 666 101 Appinzapalu,
4073 4071 69 77 U
4188 4065 544 102 Strampala-

3318 4205 118 87 tu,
3462 4198 72 79 U
3576 4197 680 103 Sampetracciu,
4291 4190 423 94 Tristani,

3312 4327 301 75 Marco
3678 4325 368 106 Angeli,
4124 4319 610 78 d'Altimonti-

3310 4452 453 94 Minicale,
3812 4455 359 75 Simonu
4216 4449 212 75 di:li
4460 4447 265 95 Lecci,

3312 4578 625 79 Sambucucciu
3956 4580 96 76 di
4083 4577 402 92 Casinca,
4518 4574 215 76 Bor-

3300 4704 319 105 ghetti,
3720 4706 368 78 Simonu
4165 4703 376 92 d'Aullè,
4617 4702 111 77 G.

3316 4831 409 95 Olivieri,
3778 4834 115 78 G.
3956 4831 382 93 Luciani,
4435 4830 113 78 G.
4619 4828 103 76 P.

3310 4959 537 79 Codaccioni,
3858 4960 313 101 Kyrn,
4197 4957 523 103 Guglielmi,

3299 5086 337 96 Pincu,
3686 5088 90 77 U
3833 5086 467 103 Babbuziu,
4395 5087 330 76 Matteo

3308 5214 438 95 Cirnensi,
3869 5216 114 78 G.
4051 5201 115 87 di
4237 5241 55 49 a
4370 5215 350 93 Grotta,

3297 5364 194 53 ec...

3403 5484 330 104 Prezzu
3772 5512 26 48 :
3874 5493 59 72 3
3961 5488 414 75 franchi.

3396 5645 120 75 Pè
3578 5655 345 95 aposta
3961 5649 103 76 :4
4099 5650 418 90 franchi.

3350 5909 487 162 COSE
3914 5818 755 257 ANDATE

3298 6167 77 95 È
3411 6188 328 75 surtitu
3769 6248 10 13 :

3489 6353 384 96 COSE
3926 6357 612 96 ANDATE

3987 6505 68 61 di

3604 6619 112 77 G.
3762 6624 94 74 P.
3902 6629 522 75 Lucciardi

3293 6809 67 62 A
3398 6809 313 67 Lumera
3738 6850 87 11 —
3846 6817 72 66 A
3951 6804 234 74 Rocca
4207 6852 87 9 —
4321 6818 66 63 A
4418 6818 212 64 Deda
4644 6854 79 11 —

3307 6910 73 64 U
3406 6909 261 67 Fornu
3706 6952 87 10 —
3831 6916 67 66 U
3934 6914 301 65 Stacciu
4272 6955 87 8 —
4395 6921 68 61 A
4513 6920 218 65 Chic-

3298 7030 183 45 cara
3517 7047 78 16 —
3633 7017 67 61 A
3753 7017 334 67 Falletta
4128 7055 88 8 —
4258 7022 70 61 A
4369 7020 361 68 Barretta

3297 7113 285 82 Misgia
3616 7152 86 11 —
3737 7122 66 62 A
3863 7119 426 65 Cherchera
4326 7158 81 11 —
4443 7124 63 64 U
4528 7123 197 67 Pilo-

3295 7232 93 44 ne
3436 7250 86 11 —
3588 7216 72 65 U
3702 7218 355 66 Mandile
4118 7222 83 62 di
4262 7231 199 76 capu
4515 7261 88 11 —
4667 7227 69 67 U

3298 7314 209 68 Zenu
3538 7336 36 41 e
3622 7335 52 44 u
3723 7318 461 69 Fiaschettu.

3832 7450 80 82 96
3959 7449 258 82 pagine

3529 7562 88 45 cu
3654 7566 48 43 u
3738 7552 288 63 ritrattu
4062 7550 67 63 di
4161 7551 334 69 l'Autore

3455 7642 312 69 Introitu
3807 7653 72 63 di
3926 7650 637 73 BRANDONE

3293 7769 213 65 Carta
3543 7773 73 62 di
3656 7775 207 66 lussu
3913 7801 83 23 —
4033 7778 213 66 tiratu
4284 7803 41 44 a
4362 7787 358 82 pughissi-

3288 7891 118 44 me
3450 7876 214 79 copie
3708 7911 90 12 —
3849 7881 364 76 cupartina
4257 7884 78 64 in
4379 7904 41 43 2
4466 7891 248 65 culori.

3635 8030 258 61 prezzu
3932 8034 16 38 :
4014 8013 51 64 4
4106 8014 278 71 franchi

5301 280 783 189 ALTRI

4932 760 282 65 Action
5250 745 400 78 Francaise

5190 892 239 67 CHEZ
5465 886 177 66 LES
5688 882 236 66 FOUS

4917 1078 106 59 En
5051 1068 193 65 avril
5272 1080 158 60 1914
5457 1060 65 59 le
5539 1055 202 76 parti
5760 1051 343 61 socialiste
6129 1060 133 84 me-

4842 1170 155 60 nait
5018 1187 84 40 sa
5153 1168 384 63 campagne
5580 1143 362 68 électorale
5968 1159 167 43 avec
6160 1134 99 61 l’i-

4834 1260 256 76 gnoble
5116 1254 232 59 dessin
5376 1250 84 59 de
5480 1243 195 63 Paul
5693 1241 260 60 Poncet
5995 1253 120 41 sur
6148 1225 101 61 «la

4839 1354 191 59 Folie
5057 1349 126 62 des
5208 1344 473 60 armements”.
6128 1416 14 12 |

4924 1445 186 59 Trois
5139 1437 169 61 mois
5355 1433 159 74 plus
5541 1427 170 62 tard
5745 1426 123 58 des
5910 1425 350 56 cenfaines

4841 1537 87 59 de
4967 1531 290 70 milliers
5307 1527 87 59 de
5441 1521 271 62 soldats
5741 1514 315 75 frangais
6097 1516 165 51 tom-

4840 1629 243 60 baient
5107 1643 86 40 en
5221 1622 288 59 surcroît
5546 1615 203 72 faute
5795 1611 87 60 de
5908 1622 260 46 canons
6194 1602 70 54 et

4841 1723 266 59 d'obus.

4913 1817 108 59 En
5051 1810 260 77 février
5359 1801 183 80 1925,
5581 1801 66 60 le
5690 1780 562 115 dessinateur-de-

4830 1911 179 67 puté
5026 1903 199 62 Paul
5244 1900 259 59 Poncet
5529 1901 106 52 est
5650 1894 276 55 nommé
5943 1879 315 77 secréfat-

4832 2020 74 38 re
4929 2000 89 58 de
5042 1998 76 58 la
5172 1987 438 66 Commission
5645 1983 88 59 de
5760 1981 294 58 l’armée.

4830 2206 118 63 Du
4983 2198 242 68 même

4905 2324 133 60 Les
5066 2313 273 68 mutilés
5365 2310 85 61 de
5465 2310 74 58 la
5562 2323 248 58 guerre
5828 2302 276 62 veulent
6115 2311 136 60 que

4828 2407 572 82 l'augmentation
5445 2403 87 59 de
5584 2400 150 60 leur
5773 2397 293 75 pension
6118 2386 128 63 sort

4832 2508 305 63 calculée
5160 2521 120 41 sur
5298 2501 63 60 le
5389 2505 171 54 taux
5584 2495 89 59 de
5700 2490 243 74 1,80°|o.
5975 2488 97 60 Le
6083 2500 166 59 gou-

4831 2604 399 60 vernement
5249 2603 67 52 et
5339 2594 72 60 la
5438 2588 429 64 commission
5895 2583 122 61 des
6024 2581 228 74 finan-

4830 2717 111 42 ces
4958 2691 334 79 plaident
5306 2697 182 65 pour
5520 2679 245 77 1,70°|..
5802 2681 184 63 Sans
6010 2692 151 44 oser
6187 2668 62 60 le

4831 2792 168 68 dire,
5030 2785 182 63 MM.
5269 2776 281 65 Herriot
5572 2784 69 52 et
5674 2770 371 66 Clémentel
6073 2776 175 65 pen-

4827 2890 154 55 sent
5012 2883 239 65 méme,
5297 2878 163 57 c'est
5484 2870 297 66 évident,
5830 2886 134 57 que
6023 2855 225 78 1,650/°

4821 2973 388 77 suffiraient
5219 2970 403 71 largement.

4903 3068 121 61 Te]
5042 3062 181 67 était
5246 3060 231 74 l'objet
5502 3058 99 58 du
5653 3055 217 61 débat
5918 3050 241 64 d'hier.
6183 3042 68 61 1!

4821 3183 47 40 a
4894 3165 113 58 été
5027 3157 359 63 démontré
5419 3170 135 56 que
5590 3149 66 59 le
5681 3145 379 77 coefficient
6107 3137 136 64 exi-

4814 3260 95 71 gé
4941 3265 143 63 par
5142 3249 99 61 les
5294 3243 269 64 mutilés
5614 3237 517 80 correspondait
6193 3232 47 58 à

4809 3349 206 73 peine
5059 3347 49 60 à
5141 3338 571 76 l'augmentation
5750 3336 97 60 du
5864 3333 164 75 prix
6052 3330 87 59 de
6165 3324 75 61 la

4818 3443 128 59 vie.
4977 3442 155 60 Par
5182 3435 301 64 ailleurs,
5514 3432 60 58 il
5592 3429 260 62 semble
5892 3428 159 60 bien
6103 3438 136 59 que

4820 3536 98 60 les
4944 3529 259 66 crédits
5228 3529 184 60 ainsi
5434 3523 422 62 nécessaîres
5880 3542 88 40 ne
5992 3520 245 72 dépas-

4816 3629 308 60 seraient
5157 3634 141 64 pas
5351 3622 61 59 le
5450 3619 378 63 maximum
5870 3618 218 72 prévu
6139 3627 97 44 au

4818 3722 262 73 budget
5104 3717 265 75 auquel
5401 3711 429 64 commission
5858 3718 71 52 et
5955 3724 284 60 gouver-

4817 3819 279 57 nement
5120 3818 126 54 ont
5266 3810 281 62 déclaré
5576 3805 267 65 vouloir
5863 3825 75 41 se
5963 3803 272 61 limiter.

4815 3910 203 60 Alors
5034 3907 38 60 ?

4887 4003 284 59 Alors...
5203 3998 164 60 ilne
5391 3994 355 75 s'agissait
5779 4014 135 57 que
5938 3994 122 59 des
6094 4007 143 44 mu-

4815 4094 173 60 tilés.
5038 4092 232 62 Est-ce
5295 4090 182 59 dans
5501 4094 178 53 cette
5696 4090 256 69 pensée
5978 4103 134 55 que
6127 4080 82 63 M.

4820 4184 395 70 Clémentel,
5238 4184 161 73 puis
5414 4182 100 59 M.
5544 4180 300 69 Herriot,
5874 4187 122 54 ont
6016 4173 218 65 soule-

4812 4285 87 56 vé
4918 4285 161 56 tant
5103 4277 90 58 de
5221 4273 412 76 difficultés?
5658 4275 138 60 Car
5819 4270 415 79 dépouillées

4811 4375 122 60 des
4951 4372 450 77 précautions
5417 4368 318 62 verbales
5749 4390 135 54 que
5911 4368 322 61 l'onima-

4805 4471 184 72 gine,
5018 4468 70 60 si
5128 4463 451 76 pathétiques
5614 4464 438 70 Soient-elles,
6076 4463 159 58 c'est

4812 4582 90 40 un
4951 4561 143 75 fait
5134 4580 135 55 que
5312 4560 98 60 les
5446 4560 495 60 interventions
5972 4559 96 58 du
6112 4552 120 63 mi-

4811 4658 211 59 nistre
5047 4644 73 69 ef
5141 4654 98 61 du
5258 4654 161 74 chef
5437 4653 96 60 du
5554 4660 536 67 gouvernement
6118 4648 116 61 dé-

4814 4748 403 63 conseillent
5273 4747 502 72 formellement
5830 4748 89 60 de
5970 4747 262 64 donner

4803 4845 174 73 gain
5021 4842 93 60 de
5174 4861 204 43 cause
5416 4862 146 39 aux
5585 4843 297 80 anciens
5930 4842 303 61 corrbat-

4810 4946 316 53 tantS.....

4890 5033 107 60 On
5053 5049 89 38 ne
5209 5029 86 72 fit
5334 5040 140 63 pas
5509 5036 161 54 tant
5710 5032 90 60 de
5854 5030 371 75 difficultés

4808 5122 250 78 quand
5072 5123 59 71 i!
5151 5124 208 73 s'agit
5370 5124 98 60 du
5495 5123 394 63 traitement
5901 5125 122 60 des
6039 5124 191 72 fonc-

4809 5217 424 63 tionnatres!

5446 5301 133 75 FE

4889 5466 105 63 Le
5030 5463 293 78 Rappel

4881 5620 97 60 Le
5012 5628 544 66 gouvernement
5599 5623 301 61 actuela
5951 5623 279 62 commis

4806 5714 182 60 deux
5006 5713 244 75 fautes
5266 5711 292 71 lourdes,
5584 5735 85 40 en
5685 5717 396 77 inquiétant
6086 5727 144 67 par

4806 5807 125 59 des
4965 5814 263 68 propos
5276 5808 463 64 inconsidérés
5783 5813 98 61 les
5940 5813 289 62 catholi-

4808 5919 169 54 ques
5001 5899 350 72 d'Alsace,
5381 5922 86 39 en
5497 5903 320 65 donnant
5832 5911 47 57 à
5906 5909 73 59 la
5998 5906 231 77 politi-

4806 6012 135 55 que
4962 5993 312 61 romaine
5296 5997 523 72 germanophile
5845 6022 92 38 un
5955 6007 273 68 prétex-

4807 6093 64 52 te
4896 6087 90 58 de
5009 6084 356 69 s'exercer;
5383 6089 169 71 puis
5571 6091 407 71 finalement
6002 6116 84 39 en
6114 6114 114 40 ac-

4810 6180 297 60 cordant
5157 6198 144 43 aux
5348 6183 187 60 seuls
5586 6188 431 74 catholiques
6040 6189 187 63 alsa-

4807 6273 648 62 ciens-Lorrainsun
5491 6279 258 71 régime
5775 6283 446 77 d'exception.

4890 6369 88 58 Ce
5016 6373 162 54 sont
5194 6366 71 62 là
5294 6369 119 60 des
5459 6372 558 73 manifestations
6051 6380 175 60 d'in-

4808 6460 370 60 cohérence
5238 6463 124 71 qui
5416 6469 234 76 vontà
5711 6470 365 65 l'encontre
6139 6474 90 61 de

4810 6553 299 61 l'intérét
5128 6554 335 74 francais.

4890 6649 82 60 Si
5012 6647 76 59 Za
5115 6648 332 63 situation
5475 6653 88 58 de
5616 6655 301 66 l'Alsace
5946 6671 69 52 ef
6038 6665 87 61 de
6151 6664 76 61 la

4805 6739 340 62 Lorraine
5190 6747 487 68 commandait,
5722 6757 322 69 pendant
6089 6779 139 41 une

4801 6832 284 75 période
5111 6834 89 60 de
5216 6841 460 72 transition,le
5693 6851 333 63 maintien
6054 6853 167 62 d'un

4809 6928 508 62 ambassadeur
5348 6939 257 69 auprès
5655 6940 102 61 du
5812 6945 305 71 Vatican,
6176 6951 58 58 il

4802 7021 248 71 fallait
5078 7041 354 47 conserver
5455 7031 47 59 à
5539 7031 217 66 Rome
5806 7059 94 40 un
5952 7043 275 60 ambas-

4806 7117 260 59 sadeur
5092 7118 90 57 de
5206 7119 265 64 France
5486 7135 184 63 pour
5704 7135 243 61 traiter
5970 7138 126 61 des
6121 7134 104 81 af-

4801 7209 221 72 faires
5067 7211 392 73 religieuses
5511 7221 90 60 de
5628 7222 600 81 l'Alsace-Lorrai-

4805 7320 90 40 ne
4944 7322 98 42 au
5112 7319 295 52 moment
5449 7320 218 56 méme
5701 7324 87 57 où
5815 7324 412 66 l'ambassa-

4807 7396 171 60 deur
4986 7395 108 60 de
5120 7398 263 64 France
5412 7408 168 60 cède
5598 7410 63 60 le
5679 7424 160 63 pas.

4880 7490 195 60 Pour
5097 7495 128 71 qui
5236 7497 141 59 sait
5393 7500 101 60 les
5513 7506 377 65 tendances
5914 7514 87 60 de
6020 7517 71 62 la
6103 7514 125 82 po-

4806 7583 247 74 litique
5106 7592 308 60 romaine
5454 7617 83 40 en
5578 7601 353 78 Autriche,
5976 7623 85 49 en
6089 7610 137 61 Ba-

4806 7676 205 88 vière,
5055 7698 87 42 en
5176 7683 268 70 Alsace,
5496 7691 106 61 les
5643 7700 583 72 agglutinements

4800 7770 372 74 cléricaux,
5236 7778 99 62 les
5376 7801 314 46 rumeurs
5729 7794 53 58 d
5786 7791 427 89 ‘autonomie,

4800 7863 73 58 la
4902 7867 316 73 question
5247 7872 84 59 de
5372 7876 478 76 l'ambassade
5889 7892 96 59 du
6038 7895 182 61 Vati-

5045 7960 18 21 2
5521 7973 15 11 .
5596 7975 14 12 .

4804 7975 131 41 can
4989 7969 180 50 n'est
5198 7964 161 71 plus
5406 7971 363 73 religieuse
5812 7986 181 59 mais
6027 7989 194 70 fran-

4803 8067 208 52 caise.

6283 3744 7 65 |
6319 3751 112 57 été
6447 3747 320 74 sacrifiés.

6432 718 327 67 L'Eclair

6420 858 94 58 M.
6556 853 286 63 Herriot,
6876 847 183 59 dans
7097 868 123 41 son
7272 848 426 112 incommengs,,

6343 947 198 60 rable
6568 941 240 62 vanité
6839 961 44 39 a
6913 960 122 39 cru
7062 940 180 74 qu'il
7255 950 316 71 pourrait
7591 937 126 114 Sin.

6338 1058 241 54 surger
6605 1042 223 53 contre
6855 1034 100 58 les
6998 1034 237 61 saines
7263 1035 127 64 lois
7416 1048 85 58 de
7525 1056 66 61 Ia
7593 1027 118 117 bo.

6338 1134 244 72 litigue
6594 1128 348 73 francaise
6969 1123 373 87 réaliste,et
7355 1123 168 87 elles
7545 1118 172 117 Pren.
7790 1107 6 85 |

6339 1232 168 54 nent
6532 1228 223 54 contre
6789 1219 116 70 lui,
6940 1220 47 57 à
7008 1224 301 68 présent,
7344 1246 130 44 une
7501 1212 206 120 cruel],

6338 1314 358 66 revanche.
6748 1313 68 60 ll
6837 1332 89 38 va
6983 1318 151 53 tout
7180 1316 421 79 simplement
7637 1372 76 49 au
7785 1343 7 121 |

6337 1412 206 59 crime
6560 1416 139 65 par
6734 1406 70 59 la
6836 1404 151 60 voie
7008 1404 89 75 de
7124 1405 463 84 l'imbécillitg,

6416 1488 106 60 La
6565 1483 307 76 question
6910 1480 676 83 d'Alsace-Lorraine
7608 1499 110 85 mé.

6337 1580 200 61 ritait
6585 1576 208 60 d'étre
6865 1575 247 59 traîtée
7157 1577 469 83 sérieusement
7662 1631 55 49 et

6338 1693 170 42 avec
6551 1669 377 73 infiniment
6952 1667 91 59 de
7067 1668 261 75 doigté.
7361 1677 92 59 Le
7471 1690 249 75 miséra.

6336 1768 114 60 ble
6493 1764 409 62 inconscient
6969 1763 221 71 guest
7228 1763 279 70 Herriot
7553 1770 165 98 Vient

6336 1880 239 43 encore
6603 1858 84 58 de
6704 1856 71 61 la
6790 1854 439 74 compliquer.
7258 1859 71 58 Il
7346 1870 213 74 avait,
7590 1884 41 59 à
7654 1891 61 68 la

6333 1955 293 63 tribune,
6670 1948 305 61 dénoncé
7004 1948 101 60 les
7138 1954 439 73 séparatistes
7609 1997 110 55 gui
7781 1986 4 31 |

6328 2043 359 64 s'abritent
6739 2041 295 61 derrière
7090 2041 97 61 les
7239 2050 225 60 autels
7510 2048 192 98 sacrés

6319 2149 185 65 pour
6554 2134 370 62 combattre
6966 2139 541 68 sournoisement
7544 2174 168 64 not,

6321 2243 200 66 pays,
6553 2236 69 53 et
6645 2228 56 62 il
6714 2230 141 72 fait
6882 2228 154 62 leur
7065 2228 121 74 jeu
7233 2250 84 41 en
7362 2232 353 101 destituans

6328 2325 551 63 l'ambassadeur
6928 2323 99 60 du
7075 2325 284 61 Vatican
7414 2352 90 42 au
7527 2351 183 74 bof;

6326 2423 168 59 d'un
6529 2418 257 72 chargé
6835 2415 367 74 d'affaires
7237 2418 125 61 des
7377 2432 331 85 province,

6326 2516 396 60 retrouvées.

6970 2585 40 38 +

7016 2588 90 73 4

6405 2695 480 69 L'Humanité

6401 2838 395 63 N'oublions
6814 2847 138 64 bas
6965 2836 90 60 de
7081 2837 223 74 quelle
7330 2852 286 66 manière
7644 2888 59 43 Se

6314 2943 174 65 pose
6519 2932 67 61 le
6601 2931 350 74 problème
6991 2932 102 60 du
7117 2934 257 61 Maroc.

6399 3011 105 60 La
6542 3008 261 62 France
6848 3009 399 73 capitaliste
7282 3017 183 58 tente
7490 3022 211 79 depuis

6322 3105 200 74 vingt
6571 3122 130 42 ans
6749 3100 72 64 la
6876 3109 334 69 conquéte
7263 3107 317 72 militaire
7621 3131 80 65 q,,

6310 3208 205 67 pays.
6568 3199 127 60 Les
6744 3197 388 76 dirigeants
7199 3216 303 50 avouent
7566 3237 134 47 eux.

6319 3297 251 57 mémes
6606 3309 130 56 que
6777 3292 98 60 les
6926 3293 336 74 dépenses
7304 3313 397 70 marocaines

6314 3387 321 60 s'élèvent
6695 3387 160 73 déjà
6908 3389 49 60 à
6989 3391 165 71 près
7179 3389 90 59 de
7294 3402 243 63 quatre
7572 3412 129 61 mil.
7701 3377 51 100 |

6315 3482 220 60 liards
6558 3480 87 61 de
6662 3475 238 77 francs
6938 3481 564 74 d'avant-guerre
7526 3504 61 51 et
7608 3523 94 47 ce;

6314 3575 277 74 chiffres
6615 3586 152 51 sont
6790 3577 454 62 notoirement
7260 3576 200 73 faux.

6391 3655 241 60 Douze
6666 3654 179 61 mille
6876 3655 270 62 soldats
7181 3655 314 76 français
7512 3685 45 54 y
7600 3681 105 58 ons

6393 3823 467 76 L'expédition
6888 3828 98 59 du
7028 3828 243 60 Maroc
7316 3842 289 66 engagée
7628 3866 72 43 en
7705 3819 47 94 |

6322 3935 163 60 1904
6523 3929 140 66 par
6711 3922 340 62 Delcassé
7085 3931 69 52 ef
7193 3923 102 60 les
7369 3927 330 77 fripoteurs

6315 4015 127 59 des
6464 4015 310 73 banques
6808 4038 47 38 a
6882 4022 116 55 été
7015 4018 188 75 l’une
7228 4016 122 62 des
7377 4039 224 50 causes
7624 4037 73 60 de

6311 4106 74 61 la
6407 4126 243 54 guerre
6673 4111 85 60 de
6782 4126 185 61 1914.

6387 4200 476 75 Aujourd'hui,
6927 4209 209 74 après
7187 4206 200 74 vingt
7422 4230 142 53 ans,
7612 4219 84 69 les

6311 4297 481 88 impérialistes
6817 4302 510 63 entretiennent
7349 4303 245 68 la-bàs:

6375 4392 141 60 Une
6529 4387 224 68 armée
6769 4396 87 59 de
6870 4401 654 76 quatre-vingt-cing
7534 4410 160 65 mille

6310 4486 324 60 hommes.

6386 4564 100 60 Ils
6532 4565 386 73 réclament,
6989 4578 69 53 et
7082 4591 86 41 on
7217 4569 151 61 leur
7406 4580 280 71 accorde,

6302 4666 185 65 pour
6521 4658 341 65 l'exercice
6924 4664 185 76 1925,
7167 4683 94 43 un
7304 4666 253 76 budget
7589 4680 100 56 mi.

6313 4752 233 61 litaire
6607 4755 86 59 de
6753 4756 132 62 325
6932 4753 302 69 millions
7276 4761 89 60 de
7406 4766 288 69 produits

6308 4847 442 75 d'emprunts,
6786 4868 124 46 100
6936 4855 305 61 millions
7256 4862 187 66 pour
7451 4857 96 59 les
7575 4881 116 46 men.

6307 4961 155 52 vres
6487 4942 402 73 locales,soit
6911 4948 132 62 850
7057 4949 317 72 millions,
7380 4956 157 67 près
7547 4956 139 66 d'un

6308 5036 312 62 milliard
6639 5043 127 59 mis
6802 5046 48 56 à
6877 5043 72 61 la
6974 5045 410 75 disposition
7399 5047 84 61 de
7500 5049 190 74 Lyau-

6309 5137 125 68 tey,
6481 5136 475 71 mégalomane
7025 5160 172 42 sans
7248 5142 296 61 contrôle
7589 5152 98 68 qui

6308 5226 326 71 ménaçait
6667 5227 46 64 il
6738 5253 42 52 y
6820 5234 327 75 quelques
7176 5235 330 62 semaines
7540 5238 149 65 d’en-

6307 5318 190 62 vahir
6522 5320 63 60 le
6626 5322 145 65 Rif.

6395 5413 186 62 Voilà
6620 5417 179 63 dans
6837 5423 201 74 quels
7084 5433 243 53 termes
7348 5426 339 72 financiers

6304 5526 77 40 se
6411 5514 316 67 présente
6751 5516 73 60 la
6850 5521 314 70 question
7193 5519 96 60 du
7315 5521 251 61 Maroc.

6303 5602 247 62 Doriot
6570 5616 318 56 amontré
6898 5633 95 41 au
7012 5624 443 66 paysqueces
7466 5623 220 58 centai.

6303 5715 127 40 nes
6440 5698 87 58 de
6543 5701 290 64 millions
6833 5709 313 72 prélevés
7162 5708 292 63 dansles
7463 5713 222 73 poches

6306 5789 124 61 des
6465 5794 295 65 ouvriers
6800 5807 68 54 ef
6909 5802 127 61 des
7052 5813 314 66 paysans
7391 5807 86 60 de
7501 5808 186 62 Fran-

6306 5903 77 41 ce
6425 5905 86 39 ne
6541 5894 343 59 servaient
6919 5897 165 74 gw'à
7119 5899 301 62 enrichir
7469 5901 92 61 les
7602 5923 83 41 re.

6306 5978 208 71 guins
6555 5980 85 60 de
6689 5985 71 61 la
6790 5987 282 77 Banque
7122 5994 87 59 de
7254 5994 188 60 Paris
7453 5974 106 98 et
7562 5996 120 63 des

6305 6068 332 78 Pays-Bas
6680 6100 166 41 avec
6870 6103 112 42 ses
7014 6087 356 69 satellites,
7392 6109 109 42 ses
7533 6090 150 74 filia-

6304 6165 101 59 les
6462 6175 70 51 ef
6577 6188 105 43 ses
6730 6177 449 66 succursales.
7233 6184 70 60 Il
7335 6204 47 42 a
7426 6187 131 61 cité
7606 6187 80 61 les

6304 6277 195 42 noms
6524 6261 86 61 de
6634 6270 484 73 quelques-uns
7140 6275 126 62 des
7294 6277 278 76 députés
7584 6281 103 72 qui

6304 6354 483 69 administrent
6811 6365 102 62 les
6940 6366 288 77 affaires
7261 6374 419 61 marocaines.

6303 6448 108 59 En
6463 6454 277 69 réponse
6785 6463 47 56 à
6872 6463 268 76 Doriot,
7198 6486 111 42 ces
7361 6468 323 63 messieurs

6298 6551 351 64 parvenus
6671 6572 94 41 au
6816 6556 279 66 dernier
7118 6564 219 72 degré
7365 6563 87 62 de
7477 6562 206 64 l’exal

6306 6638 223 61 ation
6568 6649 423 77 patriotique
7039 6668 118 50 ont
7196 6659 193 71 flétri
7415 6675 120 44 son
7559 6659 126 61 lan-

6298 6750 187 55 gage
6506 6755 248 48 comme
6784 6747 401 78 «honteux»,
7217 6771 259 43 comme
7503 6754 181 60 «indi-

6296 6844 141 53 gne
6484 6828 88 62 de
6619 6831 72 65 la
6749 6840 403 81 Chambre»,
7225 6869 258 41 comme
7529 6847 153 62 anti-

6299 6918 331 78 français.
6684 6932 152 62 Eux
6892 6939 174 62 dont
7103 6944 77 61 la
7229 6944 332 75 politique
7613 6941 70 60 de

6305 7015 120 60 vol
6444 7027 68 50 et
6535 7020 86 61 de
6643 7030 373 70 spoliation
7044 7058 46 39 a
7135 7038 146 76 fait
7305 7045 149 55 tuer
7483 7049 198 49 12.000

6302 7109 269 64 soldats
6584 7116 84 62 de
6688 7122 168 64 chez
6872 7146 178 44 nous
7066 7153 95 40 au
7175 7131 346 74 Maroc,ils
7534 7147 149 43 nous

6305 7211 124 51 ont
6450 7216 323 66 reproché
6783 7221 329 67 d'exciter
7133 7229 101 61 les
7251 7225 379 65 Marocains
7644 7223 35 58 à

6307 7301 164 58 tirer
6494 7312 119 52 sur
6633 7311 107 61 Les
6763 7313 359 79 Français,
7150 7323 192 62 alors
7375 7342 129 56 que
7534 7334 147 45 nous

6306 7393 426 73 demandons
6756 7428 146 43 aux
6930 7433 133 43 uns
7093 7428 73 51 et
7188 7429 146 49 aux
7358 7424 218 54 autres
7608 7411 70 60 de

6299 7489 401 72 fraterniser
6714 7522 23 38 :
6764 7505 190 64 alors
6978 7529 133 56 que
7128 7533 178 41 nous
7339 7508 338 65 réclamons
7715 7564 15 10 |

6305 7582 450 74 l'évacuation
6809 7599 99 61 du
6959 7606 241 63 Maroc
7242 7617 182 64 pour
7469 7601 206 64 laisser

6301 7677 102 61 les
6427 7680 265 69 Arabes
6716 7699 289 58 maîtres
7029 7701 168 64 chez
7214 7722 154 41 eux.

6411 7841 381 81 Imprimerie
6825 7858 269 75 spéciale
7136 7862 80 60 de
7255 7861 56 60 A
7335 7812 259 121 MUVRA

6547 7933 92 69 38,
6665 7939 193 63 Cours
6881 7943 326 72 Grandval,
7234 7945 239 79 Ajaccio

7737 4768 7 76 pes

6414 8080 95 69 Le
6542 8088 249 75 Gérant
6810 8124 22 40 :
6852 8104 406 84 Dominique
7292 8109 209 61 Massa
