8794 12309
724 467 375 118 —_—
2081 467 1929 118 rri
4009 467 129 118 titi

479 696 178 158 La
694 655 418 157 Corsica
1129 650 371 176 prima
1541 650 179 144 del
1772 653 474 157 Trattato
2292 665 114 139 di
2458 666 557 165 Versailles
3064 676 335 175 (1768
3382 729 60 174 )

608 1055 106 71 Gli
741 1034 268 76 archivi
1037 1050 38 43 e
1119 1033 66 61 le
1226 1032 435 66 biblioteche
1710 1036 220 65 italia-

533 1189 77 54 ne
633 1134 362 124 pubbliche
994 1134 42 124 e
1081 1133 283 80 private
1387 1152 179 47 sono
1593 1138 241 64 ricche
1860 1142 66 61 di

481 1306 12 14 |
504 1193 343 163 epistolari
956 1236 692 78 interessantissimi,
1745 1240 180 64 fonti

526 1340 439 98 inestimabili
995 1338 67 61 di
1090 1338 265 63 notizie
1381 1357 38 42 e
1449 1340 68 62 di
1576 1342 348 62 informa-
1966 1397 4 5 |

521 1460 171 79 zioni
723 1440 334 75 storiche,
1082 1442 300 62 talvolta
1420 1441 70 63 di
1522 1445 143 61 alto
1697 1463 38 42 e
1769 1462 155 61 pre-

498 1571 162 66 ‘ciso
685 1552 244 65 valore
983 1543 563 65 documentario.
1576 1544 95 64 Di
1697 1545 231 83 ‘quan-

525 1674 82 64 do
628 1664 69 61 in
726 1646 280 86 quando
1038 1645 306 89 qualche
1372 1650 262 61 solerte
1653 1647 276 63 editore

565 1765 67 67 iù
660 1742 515 87 con'spirito
1096 1734 120 102 di
1206 1738 547 88 mecenatismo,
1797 1746 131 72 che

527 1882 115 77 per
682 1858 246 61 brama
966 1851 68 61 di
1062 1851 227 77 lucro,
1322 1852 281 81 compie
1637 1867 138 48 con
1817 1866 118 44 ar-

524 1962 320 77 dimento:
868 1953 468 63 encomiabile
1367 1954 51 63 il
1443 1957 204 79 gesto
1689 1951 238 80 signo-

521 2073 113 70 rile
671 2060 69 63 di
764 2063 241 58 trarne
1050 2053 497 67 d'ali'oscurità
1600 2050 329 83 qualche-

524 2178 198 61 duno.
766 2158 326 63 Talvolta
1127 2176 178 62 pure
1355 2171 182 47 sono
1568 2153 188 63 delle
1818 2168 110 42 as-

519 2262 371 78 sociazioni
946 2259 364 65 letterarie
1348 2274 49 46 o
1436 2252 314 68 storiche
1800 2246 149 95 che

519 2360 464 97 provvedono
1009 2364 69 63 di
1099 2366 158 62 loro
1288 2360 365 65 iniziativa
1682 2364 41 53 è
1794 2370 137 47 con

513 2469 199 71 mezzi
804 2468 242 82 propri
1145 2485 41 43 a
1240 2459 527 87 pubblicazioni
1857 2457 67 61 di

513 2578 242 77 questo
786 2587 289 64 genere.

592 2672 90 61 La
712 2672 267 60 solerte
1023 2671 186 59 Casa
1230 2663 416 64 Editrice
1567 2652 89 89 L.
1678 2659 76 62 F.
1791 2656 180 63 Co-,

519 2771 213 89 gliati,
769 2770 118 59 del
915 2770 176 61 dott.
1138 2765 245 62 Guido
1406 2759 422 79 Martinelli;
1859 2755 67 62 di

499 2873 308 77 Milano,
851 2867 113 73 ha,
1014 2884 129 62 per
1177 2865 343 70 incarico,
1551 2879 78 43 se
1659 2874 147 47 non
1829 2873 101 43 ër-

519 2994 94 55 ro,
642 2970 184 64 della
851 2966 281 62 Società
1169 2963 292 68 Storica
1509 2958 415 91 Lombarda,

487 3059 411 113 ‘intrapreso
944 3069 70 60 la
1033 3041 538 112 pubblicazione
1624 3055 306 89 integra-

517 3189 60 61 le
601 3175 111 64 del
757 3166 414 84 Carteggio.
1211 3165 118 77 dei
1379 3163 258 64 fratelli
1684 3160 242 63 Pietro

523 3281 79 67 ed
627 3270 395 69 Alesandre
1050 3267 305 79 Verri,il
1381 3267 232 80 primo
1662 3277 282 50 econo-.

521 3384 197 71 mista
741 3374 69 62 di
844 3371 184 64 fama
1056 3370 299 63 durante
1384 3369 52 61 il
1466 3366 353 64 Governo
1858 3362 69 63 di

488 3541 9 21 |
529 3480 211 82 Maria
767 3474 265 63 Teresa
1065 3469 59 70 e.
1171 3468 79 83 di
1293 3469 381 92 Giuseppe.
1726 3464 64 67 II
1855 3466 74 62 in

528 3560 531 96 Lombardia,ed
1083 3575 56 61 il
1160 3573 319 62 secondo
1498 3569 334 65 lettèrato
1859 3567 69 63 di

526 3686 204 90 garbo
794 3681 248 58 autore
1109 3674 187 64 delle
1349 3672 291 76 famose
1667 3691 46 59 «
1732 3670 196 82 Notti

528 3799 274 60 romane
830 3800 40 39 >
1131 3843 4 5 |

603 3880 252 107 Questi
896 3875 368 92 risiedette
1303 3851 173 113 quasi
1533 3845 286 120 sempré
1858 3875 65 61 in

524 3995 239 67 Roma,
784 3980 155 67 ove
1010 3979 183 64 mori
1254 3980 122 64 nel
1429 3977 182 79 1816,
1652 3983 278 58 mentre

530 4097 240 66 Pietro,
792 4090 253 59 tranne
1068 4084 233 63 alcuni
1331 4082 243 83 viaggi
1624 4079 306 64 ‘all’este-

529 4216 89 56 ro,
655 4185 278 71 dimorò
982 4185 518 87 abitualmente
1549 4183 75 61 in
1664 4181 269 62 Milano

530 4302 120 72 ove
672 4294 57 61 si
765 4305 259 67 spense
1048 4289 329 80 nel.1797.
1546 4283 3 3 |

601 4397 27 66 I
665 4396 133 61 due
818 4390 280 76 fratelli,
1132 4387 496 82 appartenenti
1695 4385 65 61 al
1803 4400 128 64 pa-

530 4501 250 71 triziato
808 4495 371 72 milanese,
1224 4510 39 42 e
1314 4491 213 81 legati
1567 4488 87 63 da
1693 4487 238 63 since-

530 4623 68 51 ro
632 4601 309 63 affettoe
996 4595 87 62 da
1129 4611 433 47 comunanza
1617 4592 72 61 di
1742 4589 181 75 idee,

531 4711 50 62 si
615 4704 556 67 trasmettevano
1208 4714 133 64 per
1377 4693 550 81 corrisponden-

524 4831 88 57 za,
634 4810 63 62 le
723 4805 267 63 notizie
1019 4801 69 64 di
1117 4801 169 83 ogni
1328 4816 286 71 genere
1635 4798 135 60 che
1795 4797 135 61 cir-

532 4902 332 91 colavano
894 4906 187 63 nelle
1128 4905 139 63 due
1298 4903 281 82 capitali
1620 4921 39 45 e
1715 4901 58 63 si
1817 4916 111 47 co-

533 5012 460 70 municavano
1012 5009 634 80 reciprocamente
1683 5005 69 61 le
1771 5020 157 64 pro-

531 5113 617 88 prieimpressioni
1201 5112 184 81 sugli
1437 5106 489 66 avvenimenti

537 5217 253 80 salienti
829 5216 116 62 del
969 5216 280 81 giorno,
1283 5215 226 62 talora
1549 5227 141 71 con
1741 5225 191 47 com-

538 5322 196 67 menti
763 5337 38 42 e
825 5318 258 82 giudizi
1119 5336 147 45 non
1323 5313 332 65 destinati
1686 5294 245 81 certa-

495 5410 258 81 "mente
792 5423 134 62 alla
962 5417 416 88 pubblicità.

542 5606 3 3 _
609 5524 271 82 Meglio
911 5523 387 63 informato
1325 5519 173 86 però
1537 5539 127 62 per
1700 5521 69 60 le
1804 5533 130 48 no-

530 5630 145 64 tizie
711 5626 344 82 politiche
1105 5630 118 59 era
1252 5627 53 61 il
1359 5627 207 61 conte
1597 5624 337 61 Alessan-

533 5733 136 74 dro,
709 5730 51 62 il
797 5724 209 85 quale
1036 5727 519 83 frequentando
1583 5726 62 62 il
1669 5722 265 67 mondo

516 5828 486 88 diplomatico,
1028 5831 493 64 l'aristocrazia
1548 5847 41 42 e
1620 5829 68 62 la
1717 5826 218 81 prela-

530 5942 139 59 tura
697 5934 394 84 dell'Urbe,
1127 5951 120 46 era
1270 5934 76 62 in
1374 5931 224 92 grado
1631 5929 87 63 di
1736 5928 203 63 attin-

532 6055 154 65 gere
709 6038 67 61 le
804 6038 294 80 proprie
1127 6028 500 70 informazioni
1678 6048 42 43 a
1748 6027 191 65 fonti

533 6138 372 83 pressochè
932 6140 252 77 sicure.
1219 6135 64 64 Il
1312 6119 209 79 conte
1562 6133 245 60 Pietro
1851 6126 92 64 ne

534 6260 101 46 era
690 6236 484 117 ghiottissimo
1242 6255 40 44 e
1332 6239 86 104 le
1472 6225 464 122 comunicava

532 6345 183 63 tosto
738 6327 161 98 agli
914 6340 234 65 amici.

610 6446 420 85 Scorrendo
1042 6459 134 66 con
1200 6439 403 85 attenzione
1622 6437 23 61 i
1654 6432 298 93 volumi

530 6549 219 62 finora
781 6548 236 73 usciti,
1049 6560 146 49 non
1213 6560 180 66 poca
1419 6525 77 80 fu
1520 6519 97 85 la
1630 6538 146 64 mia
1796 6534 169 66 sor-

498 6639 232 92 ipresa
807 6651 123 61 nel
970 6649 322 62 trovarvi
1359 6661 249 67 spesso
1680 6639 262 65 notizie

536 6749 196 66 d'una
762 6757 189 57 certa
989 6753 436 79 importanza
1453 6744 177 68 sulla
1684 6738 260 89 guerra

539 6854 119 64 che
694 6855 20 62 i
746 6852 187 65 corsi
973 6852 567 91 combattevano!
1572 6853 71 62 in
1678 6843 262 85 ‘quegli

542 6959 150 61 anni
720 6975 128 64 per
883 6959 78 76 la
983 6959 155 63 loro
1194 6957 546 84 indipendenza.
1772 6952 171 64 Gui-

500 7108 2 22 |
543 7059 125 64 dati
699 7061 95 82 da
803 7059 349 84 Pasquale
1177 7060 201 65 Paoli
1398 7059 347 85 ‘avevano
1760 7058 182 79 dap-

500 7152 4 61 ‘
542 7165 209 77 prima
781 7165 330 62 scacciati
1143 7164 96 82 gli
1274 7162 414 83 oppressori
1721 7176 223 68 geno-

542 7267 137 61 vesi
700 7267 88 62 ed
816 7285 125 45 ora
976 7268 372 63 lottavano
1386 7265 555 82 dispératamen-

544 7370 57 58 fe
636 7382 243 82 contro
916 7369 23 63 i
979 7369 377 83 francesi.
1303 7365 36 103 .

582 7514 11 19 .
616 7449 136 108 Non
803 7471 39 66 è
889 7467 232 70 adirsi
1161 7473 265 82 quanto
1477 7441 252 118 questa
1759 7452 187 83 lotta

501 7541 3 64 i
546 7520 292 142 ineguale
920 7579 545 79 appassionasse
1523 7573 259 77 Roma,
1824 7575 121 64 do-

555 7690 69 48 ve
654 7679 158 78 tutti
853 7668 219 75 eràno
1096 7664 412 80 favorevoli
1532 7678 67 63 di
1625 7679 317 61 valorosi

553 7774 298 84 isolani,
799 7770 50 97 i
892 7784 197 92 quali
1118 7786 75 61 vi
1231 7790 363 58 tenevano
1634 7800 101 43 un
1785 7783 157 64 loro

512 7888 265 73 “agente
821 7873 355 89 ufficioso,
1223 7886 256 66 l'abate
1532 7873 412 74 Alesandri-

552 7982 80 76 ni,
671 7986 125 85 che
824 7990 285 84 abitava
1144 7992 121 63 nel
1302 7991 274 79 palazzo
1615 7988 120 86 del
1803 8005 142 57 car-

503 8168 1 6 |
559 8085 207 69 dinale
822 8092 242 82 Lante,
1106 8094 120 70 ed
1251 8112 135 53 era
1409 8091 422 75 incaricato.
1874 8089 70 61 di

555 8195 417 69 patrocinare
1009 8200 22 61 i
1085 8200 171 61 loro.
1273 8198 341 127 interessi
1679 8207 251 118 presso

537 8283 41 80 il
614 8292 256 86 Papa.
884 8288 26 13 ~
1478 8336 83 4 1.

617 8397 62 60 A
721 8400 250 82 favore
1043 8405 115 61 dei
1209 8392 187 76 còrsi
1453 8403 57 62 si

505 8506 5 3 |
556 8494 256 76 persino
853 8505 462 64 scommesse.

616 8597 86 66 Le
733 8606 254 66 lettere
1026 8611 68 60 di
1134 8605 442 66 Alessandro
1607 8608 65 59 al
1709 8603 236 64 fratel-

556 8692 50 65 lo
642 8702 257 84 Pietro,
961 8710 390 65 .riflettono
1426 8707 520 65 naturalmente

558 8811 218 65 questo
824 8816 184 60 stato
1045 8814 313 64 d'animo
1407 8811 185 64 della
1653 8810 293 82 popola-

1597 8398 346 64 facevano

536 9006 111 78 Va.

623 9125 423 90 Spigoliamo
1071 9156 122 47 ora
1221 9140 124 61 nel
1366 9134 413 84 Carteggio.

625 9227 277 73 Grande
938 9243 458 61 ammiratore
1432 9239 114 64 dei
1620 9236 212 74 còrsi,
1884 9235 57 61 si

522 9373 6 13 |
559 9310 95 80 €ra
678 9344 343 63 mostrato
1059 9344 75 62 in
1160 9345 165 80 quei
1361 9340 248 82 tempi,
1644 9356 99 45 un
1801 9355 141 44 cer-

565 9422 51 77 to
650 9445 195 59 conte
873 9443 369 66 Dalmazzo
1282 9442 265 75 Vasco,
1615 9441 330 81 piemon-

555 9509 148 100 tese,
741 9561 231 50 mezzo
1004 9548 309 77 filosofo,
1346 9545 347 83 originale
1727 9543 87 62 ed
1849 9560 97 43 un

565 9631 588 99 Po'imbroglione.
1195 9648 128 66 Sin
1323 9627 153 113 dal
1497 9627 178 113 1766,
1740 9645 57 91 si
1827 9663 119 43 era

544 9745 220 61 _SSato
807 9748 78 63 in
940 9758 237 58 mente
1216 9755 73 61 di
1337 9766 483 68 promuovere
1870 9748 74 60 in

587 9832 141 72 talia
752 9866 140 48 una
930 9856 411 80 spedizione
1409 9853 310 65 militare
1762 9850 184 65 onde

561 9923 226 102 aiutare
825 9955 98 77 gli
963 9956 252 66 insorti
1254 9956 294 65 isolani:
1605 9935 339 84 abbocca-

620 10039 50 61 Si
698 10062 130 51 con
867 10061 235 76 agenti
1133 10062 285 80 inglesi,
1467 10060 59 63 si
1556 10077 120 46 era
1702 10073 241 59 messo

563 10132 68 61 ad
661 10157 350 65 arruolare
1048 10165 278 62 uomini
1398 10162 179 63 sulla
1647 10158 297 66 Riviera

581 10229 194 85 Igure.
816 10258 294 71 Sembra
1145 10268 131 63 che
1330 10265 44 65 l'
1382 10264 433 82 Inghilterra
1849 10260 94 64 fa-

562 10340 243 79 Vorisse
841 10362 72 64 di
966 10373 411 61 sottomano
1447 10371 256 78 questo
1778 10381 166 65 pro-

554 10445 192 160 a
788 10468 267 73 purchè
1078 10492 98 42 un
1205 10478 211 74 porto
1455 10469 184 64 della
1700 10465 244 65 Corsi-

673 10566 150 54 osse
851 10565 165 66 dato
1053 10590 36 44 a
1143 10573 110 64 Re
1323 10570 306 83 Giorgie
1656 10568 133 64 ITT:
1830 10586 115 45 ma

636 10659 349 75 Orquando
1007 10673 50 61 il
1092 10673 242 66 Vasco
1361 10689 239 49 venne
1659 10688 288 63 scoper-

565 10752 160 144 nei
749 10776 358 73 arrestato,
1142 10778 52 62 il
1236 10777 387 79 Miristero
1668 10773 278 79 inglese

636 10848 81 74 80
742 10863 206 70 tutto.
975 10872 60 64 Il
1056 10875 240 69 Vasco
1329 10874 217 105 riusci
1593 10894 40 43 a
1651 10873 293 94 fuggire

590 10967 140 147 PV
799 10973 134 100 ere
998 10993 38 43 e
1071 10979 411 103 rifugiatosi
1517 10972 81 90 ‘&
1630 10962 315 105 Livorño

568 11057 224 195 tetaro
807 11065 95 67 gi
951 11074 90 63 da
1076 11080 225 75 abate,
1345 11076 153 68 non
1547 11068 286 74 mancò"
1869 11061 74 77 di

560 11256 3 2 |
739 11176 71 47 TE
834 11171 99 77 gli
963 11175 259 83 inglesi
1262 11184 93 61 da
1411 11183 246 62 birbe:
1699 11181 248 63 risulta

663 11229 252 183 ronde
951 11291 202 51 come
1181 11287 145 76 egli
1366 11284 189 63 fosse
1590 11301 97 44 un
1728 11297 216 48 uomo

797 11382 35 45 a
885 11384 424 67 pretendere
1367 11385 370 62 l'amicizia
1778 11403 37 43 e
1861 11385 86 62 ad

648 11454 252 139 pine.
946 11527 21 25 |

695 11564 101 57 are
837 11550 154 88 ché
998 11547 303 102 alcuni
1262 11554 189 97 còrsi
1478 11543 344 105 contrari
1884 11584 64 62 al

557 8899 169 73 lione
762 8913 75 63 in
875 8921 231 58 mezzo
1146 8918 136 62 alla
1310 8916 222 82 ‘quale
1530 8895 181 115 egli
1721 8912 232 63 vive=

2009 1047 345 77 generale
2396 1049 224 78 Paoli,
2676 1069 344 46 avessero
3096 1054 349 61 affettiva-

2013 1150 246 58 mente
2301 1147 171 64 fatto
2511 1152 235 61 invito
2773 1156 63 58 al
2879 1151 254 78 Vasco,
3176 1153 126 63 che
3369 1156 77 58 in

2009 1251 186 56 tutta
2233 1254 246 78 questa
2544 1250 337 64 faccenda
2938 1271 184 61 poco
3204 1255 242 59 chiara

2011 1364 122 44 era
2181 1349 426 63 coadiuvato
2660 1352 116 60 dal
2834 1351 282 63 fratello
3173 1352 267 75 Nicola,

2010 1447 70 61 di
2119 1450 269 60 recarsi
2422 1450 347 63 nell'isola
2806 1471 131 60 per
2977 1457 471 73 contrappor-

2008 1550 72 60 lo
2121 1551 144 61 allo
2326 1556 228 55 stesso
2618 1541 221 72 Paoli.
2904 1549 246 64 Pietro
3199 1548 241 76 Verri,

2001 1649 196 92 dopo
2233 1645 230 100 avere
2495 1650 195 63 detto
2748 1652 71 61 di
2849 1651 315 64 Vasco-«
3195 1651 131 62 che
3384 1651 59 62 si

2011 1750 407 80 disponeva
2442 1768 39 43 a
2515 1752 214 61 salire
2763 1754 22 61 i
2812 1754 289 79 gradini
3143 1753 113 62 del
3295 1759 152 78 tro-

2011 1867 95 47 no
2140 1839 40 70 »
2226 1852 524 81 aggiunge,che
2780 1854 192 63 forse
3013 1865 228 52 aveva
3286 1870 162 64 pre-

2011 1969 81 45 so
2144 1970 132 62 per
2312 1952 208 82 guida
2556 1951 454 68 l'ambizione
3069 1975 38 42 e
3143 1958 66 59 la
3243 1955 201 61 vani-

2008 2052 71 63 tà
2118 2053 137 63 che
2295 2071 144 47 non
2495 2059 361 76 potevano
2921 2055 409 80 mostrargli
3424 2054 21 59 i

2008 2155 307 79 pericoli
2388 2154 128 63 che
2592 2159 73 60 lo
2740 2158 553 84 circondavano.
3388 2151 61 84 Il

2009 2253 257 68 Vasco
2298 2257 57 64 si
2382 2258 307 83 credeva
2728 2255 306 85 qualche
3056 2274 164 47 cosa
3269 2232 145 115 per

2009 2358 134 65 chè
2211 2373 256 51 aveva
2500 2363 245 62 scritto
2828 2381 98 43 un
2990 2362 297 81 seguito
3384 2359 66 63 al

2011 2483 37 38 «
2091 2462 382 66 Contratto
2498 2462 338 65 Sociale
2804 2458 44 87 >»
2906 2465 72 61 di
3045 2462 397 75 Rousseau,

2010 2563 72 61 di
2124 2556 117 69 cui
2317 2582 223 44 aveva
2591 2566 336 63 mandato
2968 2564 78 64 in
3110 2561 335 82 omaggio

2009 2680 98 42 un
2149 2667 399 78 esemplare
2586 2668 425 78 algenerale
3046 2664 222 62 Paoli.

2097 2761 155 81 Egli
2292 2767 304 76 peraltro
2641 2783 147 46 non
2827 2765 189 63 andò
3064 2763 376 74 nell'isola,

2007 2879 120 44 ma
2176 2864 80 62 vi
2294 2865 212 64 inviò
2558 2883 156 53 con
2744 2868 276 62 lettere:
3074 2865 71 81 di
3209 2879 237 46 racco-

2011 2964 470 89 mandazione
2534 2967 119 61 del
2689 2958 333 89 capitano
3091 2962 213 65 Santo
3365 2962 96 63 di

2014 3062 322 66 Livorno
2362 3055 95 72 un
2497 3068 131 62 suo
2663 3053 409 77 confidente
3095 3068 138 61 tale
3258 3064 185 64 Lan-

2009 3168 193 61 zoni.
2246 3164 113 64 Da
2407 3185 139 44 una
2613 3172 250 60 lettera
2914 3170 74 62 di
3064 3166 238 65 Pietro
3354 3167 91 63 ad

1993 3267 427 66 Alesandro
2475 3271 116 95 del
2632 3290 71 63 17
2752 3263 351 107 febbraio.
3103 3263 194 107 1768;
3348 3272 94 61 ri-

2011 3373 189 60 sulta
2241 3371 131 62 che
2409 3372 51 62 il
2499 3372 304 65 Lanzoni
2842 3371 224 67 riuscì
3105 3373 83 63 ad
3240 3372 229 70 avvi-.

2012 3472 247 89 cinare
2290 3475 51 62 il
2371 3474 225 80 Paoli,
2638 3471 65 69 al
2740 3479 206 79 quale
2980 3482 249 75 espose
3254 3476 188 62 alcu-

2011 3593 92 43 ne
2141 3569 168 69 idee
2337 3579 176 62 sulla
2550 3566 499 76 costituzione:
3092 3579 235 62 talune
3354 3576 87 63 di

2011 3696 164 45 esse
2241 3697 397 63 apparvero
2696 3680 191 65 felici
2952 3682 69 61 al
3079 3679 358 95 generale,

2011 3781 181 63 altre
2230 3782 259 61 invece
2514 3782 99 82 gli
2655 3783 470 64 sembrarono
3146 3800 55 82 «
3189 3776 253 126 _vuote

2014 3898 40 45 e
2091 3876 151 70 mal
2275 3882 301 82 digerite
2608 3906 61 39 ».

2097 3982 420 67 Vedendosi
2555 3987 185 62 bene
2780 3988 304 73 accolto,
3129 3985 237 77 chiese
3404 4002 41 42 a

2013 4084 205 64 Paoli
2260 4105 140 45 una
2437 4089 294 62 udienza
2778 4084 305 86 segreta;
3166 4090 276 60 ottenu-

2012 4187 145 61 tala
2176 4186 323 66 dichiarò
2539 4188 133 64 che
2701 4193 67 59 le
2787 4191 182 78 idee
3020 4190 86 60 di
3141 4189 162 79 quél
3335 4186 108 79 pi-

2012 4278 154 77 ario:
2203 4287 132 62 che
2374 4291 102 78 gli
2513 4309 261 45 aveva.
2810 4289 716 86 precedentemen:-
3434 4274 82 109 |.

2010 4392 72 58 te
2115 4391 455 64 comunicato
2620 4409 217 47 erano
2869 4392 137 64 del
3027 4388 210 67 conte
3263 4385 182 86 Vas-

2014 4509 108 58 co,
2169 4494 52 61 il
2260 4496 227 78 quale,
2538 4514 131 63 per
2702 4497 56 62 il
2785 4495 184 64 bene
2999 4494 194 89 della
3265 4487 180 67 Cor-

2013 4597 171 75 sica,
2218 4599 257 61 voleva
2510 4600 354 80 prendere
2900 4600 69 61 le
3034 4595 230 77 redini
3328 4594 121 62 del

2013 4696 359 67 Governo
2412 4699 367 78 dell’isola,
2821 4700 132 64 che
3014 4705 228 58 aveva
3274 4696 172 89 l’ap-

2008 4802 280 83 poggio
2315 4801 599 84 dell'Inghilterra
2952 4804 96 61 ed
3071 4823 38 38 «
3138 4804 169 61 altre
3355 4798 92 63 si-

2008 4904 159 62 mili
2243 4907 227 80 pazzie
2509 4924 60 45 ».
2607 4906 222 77 Paoli,
2916 4898 413 91 ascoltando
3385 4902 61 62 si

2010 5007 309 65 bestiale
2357 5010 668 79 discorso,credeva
3055 5009 77 62 di
3194 5009 252 79 sogna-

1999 5128 113 68 Te,
2158 5129 40 44 e
2238 5104 278 72 mentre
2585 5098 374 78 rimaneva
3017 5112 323 72 attonito,
3397 5101 55 88 il

1984 5190 365 102 ‘Lanzoni,
2384 5207 225 72 trasse
2647 5216 186 63 fuori
2879 5233 102 44 un
3019 5215 275 87 ritratto
3334 5230 118 47 or-

2013 5313 168 68 nato
2236 5318 72 62 di
2348 5298 429 83 diamantini
2808 5337 38 42 e
2891 5321 74 60 lo
3031 5298 216 83 baciò
3308 5324 143 53 con

1999 5419 373 80 rispetto.
2396 5418 599 81 Presentandolo
3017 5420 66 61 al
3119 5417 332 84 generale

2018 5520 225 64 disse:
2277 5543 42 42 «
2350 5522 279 78 Questo
2694 5524 39 62 è
2785 5524 54 63 il
2915 5526 214 66 conte
3181 5507 265 87 Vasco,

2011 5629 260 83 vostro
2307 5627 385 63 liberatore
2722 5644 40 43 e
2796 5622 484 66 liberatore
3164 5604 113 112 di
3308 5608 145 78 tut-

2013 5733 71 57 ta
2114 5726 248 65 l'isola
2392 5730 36 60 !
2439 5748 40 42 »
2506 5729 276 62 Alcuni
2819 5726 221 75 còrsi,
3080 5725 368 68 informati

2019 5830 71 62 di
2142 5839 255 72 questa
2452 5831 561 62 conversazione
3064 5826 387 81 consiglia-

2017 5948 188 48 rono
2241 5935 70 60 al
2352 5934 334 79 generale
2758 5933 68 61 di
2864 5966 7 7 -
2888 5932 264 80 punire
3217 5944 237 54 esem-

2021 6035 409 77 plarmente
2464 6035 70 60 lo
2580 6034 291 74 stolido,
2918 6026 136 70 che
3083 6047 155 48 con
3293 6035 162 55 tan-

2017 6138 76 57 ta
2139 6134 461 79 imprudenza
2637 6152 229 45 aveva
2904 6134 229 64 offeso
3171 6132 22 60 i
3260 6131 192 78 rigu-

2022 6236 155 78 ardi
2220 6236 253 62 dovuti
2504 6236 89 61 ad
2629 6253 143 62 una
2796 6237 299 79 nazione
3118 6234 222 84 libera
3411 6247 43 44 €

1954 6340 7 4 |
2020 6336 473 81 rispettabile.
2510 6325 242 96 Paoli;
2774 6325 347 96 credette:
3155 6344 177 72 non
3343 6342 136 51 ne

2015 6439 295 81 valesse
2334 6440 292 82 lapena,
2665 6438 427 99 trovando
3018 6434 72 107 «
3129 6434 124 101 più
3279 6434 174 94 deli-

2005 6542 130 76 rio
2177 6516 150 89 che
2348 6532 384 96 insolenza.
2757 6531 85 90 in
2875 6525 280 103 questa
3202 6523 249 99 proce-
3436 6519 57 113 |

2025 6645 246 76 dura»;
2298 6628 111 97 gli
2440 6643 152 64 fece
2632 6608 433 122 consigliare
3083 6641 102 67 “di
3202 6640 250 64 andar-

2025 6767 202 55 sene,
2271 6747 93 63 ed
2385 6739 397 70 il.Lanzoni
2819 6762 150 47 non
3045 6747 57 60 si
3149 6743 151 64 fece
3359 6742 92 62 ri-

2022 6855 263 78 petere
2317 6850 137 62 due
2483 6850 283 62 volte-il
2793 6849 567 81 suggerimento.

2109 6952 141 65 Nel
2286 6953 423 81 rispondere
2762 6955 63 60 al
2856 6951 335 74 fratello,
3227 6951 227 61 -Ales-

2023 7058 294 85 sandro,
2359 7058 70 62 lo
2457 7056 441 83 ringraziava
2930 7055 147 63 del.
3115 7056 338 62 racconto

2023 7160 134 64 che
2178 7163 74 63 lo
2283 7177 225 46 aveva
2535 7159 339 63 divertito
2914 7158 209 74 assai,
3157 7156 299 82 special-

2022 7269 248 65 mente
2294 7263 393 83 l'episodio
2703 7252 136 74 -del
2875 7261 211 65 bacio
3103 7261 101 75 al
3219 7260 237 71 ritrat-

2019 7373 105 59 to.

2081 7447 404 110 Malgradò
2518 7439 254 123 questo
2802 7428 284 127 smacco.
3097 7436 90 117 il
3211 7430 244 124 Vasco

2026 7572 355 67 continuò
2430 7574 88 62 ad
2543 7558 369 95 intrigare,
2943 7538 233 118 finchè
3265 7561 195 89 capi-

2007 7682 169 60 tato
2207 7696 40 43 a
2284 7675 248 64 Roma
2550 7677 61 62 il
2632 7672 227 67 conté-
2875 7664 228 73 Della
3112 7666 339 82 -Riviera,

2025 7781 341 64 ministro
2407 7780 112 62 del
2556 7776 110 69 Re
2694 7769 73 72 di
2799 7759 404 101 Sardegna,
3230 7777 72 61 lo
3359 7774 97 63 fe-

2017 7902 130 44 ce:
2192 7889 382 58 arrestare.
2621 7900 40 44 e
2716 7881 327 63 tradurre
3116 7898 39 43 a
3217 7874 244 67 Castel

2027 7983 513 94 Sant'Angelo
2550 8006 37 45 «
2608 8002 154 86 per
2799 7983 414 101 assicurarsi
3273 7981 186 102 della

2026 8106 129 43 sua
2195 8103 314 68 persona
2549 8108 27 37 »
2619 8135 14 10 .

2106 8187 644 66 Fortunatamente
2794 8166 167 90 non-
2938 8143 202 112 4utte
3175 8123 71 148 le
3293 8137 160 131 par-

2000 8295 264 78 ‘sonne
2305 8292 157 62 che
2489 8280 612 99 s’interessavano
3155 8265 141 108 alle.
3320 8289 140 81 iVi-

2026 8396 232 72 cende
2330 8395 114 62 dei
2495 8392 208 76 còrsi,
2774 8383 219 74 erano
3040 8387 8 7 _
3102 8364 273 104 simili
3394 8394 65 61 "al

2028 8490 288 93 Vasco.
2330 8498 96 61 Vi
2456 8515 118 45 era
2611 8515 97 43 un
2739 8502 212 58 conte
2997 8496 278 82 Filippo
3316 8494 140 64 Ne-

1989 8568 7 116 |
2027 8619 101 66 ny
2166 8601 122 62 del
2328 8598 374 83 Consiglio
2728 8596 465 67 d'Economia
3218 8598 69 63 di
3313 8597 144 63 Mi-

2024 8704 195 74 lano,
2257 8703 78 69 il
2342 8704 204 90 quale
2595 8720 112 54 era
2780 8702 70 71 in
2900 8700 575 86 corrisponden-

2023 8824 79 43 za
2140 8824 144 45 con
2313 8798 221 90 Paoli;
2560 8803 281 62 sembra
2914 8821 181 62 pure
3160 8802 127 62 che
3357 8820 99 43 un

1997 8912 229 66 ‘certo
2264 8908 353 81 generale
2644 8901 242 85 Lloyd,
2931 8903 136 63 che
3100 8904 359 62 risiedeva

2025 9030 39 42 a
2106 9008 342 74 Livorno,
2499 9025 121 45 era
2646 9010 181 59 stato
2864 9004 357 65 nell’isola
3282 9022 36 44 a
3355 9004 103 63 fa-

2022 9110 80 65 re
2127 9112 226 62 visite
2387 9130 39 43 a
2462 9109 224 64 Paoli.
2736 9105 283 79 Questo
3069 9105 235 83 Lloyd,
3335 9122 122 45 era

2023 9212 518 65 l'informatore
2568 9211 73 62 di
2683 9208 264 66 Pietro.

2112 9313 210 66 Sotio
2360 9315 67 62 la
2462 9313 159 62 data
2668 9311 116 63 del
2846 9328 88 46 20
3002 9310 245 82 aprile,
3280 9311 175 61 Ale-

2024 9417 284 76 sandro,
2369 9414 371 65 comunica
2732 9408 109 89 al
2863 9412 314 64 _fratéllo
3248 9412 202 78 risul-

2020 9520 214 82 targli
2269 9517 131 64 che
2429 9519 71 60 in
2545 9514 313 77 Corsica,
2901 9515 76 62 vi
3013 9514 271 64 fossero
3311 9518 144 57 sot-

2022 9628 77 57 to
2137 9623 71 60 le
2274 9620 175 61 armi
2514 9618 302 63 diciotto
2890 9616 419 83 battaglioni
3382 9612 72 64 di

2025 9723 193 62 circa
2256 9721 123 62 600
2435 9721 275 64 uomini
2786 9735 315 64 ognuno.
3177 9716 276 66 Notava

2025 9825 262 62 inoltre
2318 9824 245 74 come
2493 9804 71 105 i
2593 9820 190 65 còrsi
2799 9808 291 78 fossero
3121 9822 183 61 nella
3328 9818 132 84 più

2025 9928 250 63 buona
2345 9926 158 62 fede
2539 9903 338 119 religiosa
2915 9925 213 61 nella
3166 9909 293 100 Francia

2021 10030 448 73 mediatrice,
2509 10026 129 64 che
2673 10021 240 68 aveva
2943 10029 160 62 loro
3141 10014 315 94 promes-

2022 10151 82 44 so
2145 10133 74 60 di
2260 10111 461 82 accomodare
2781 10130 52 61 il
2857 10130 308 80 tutto-in
3176 10133 280 75 quattro

2023 10235 196 72 anni,
2254 10249 274 63 oppure
2566 10231 72 63 di
2698 10231 302 62 lasciare
3038 10232 116 60 ad.
3187 10231 147 61 essi
3389 10231 69 60 la

2020 10331 289 73 libertà.
2322 10332 95 61 di
2430 10332 383 84 terminare
2855 10331 28 60 i
2911 10332 185 83 loro.
3109 10329 190 84 affari
3311 10325 148 121 per

2021 10434 300 83 proprio
2361 10438 234 59 conto.
2640 10430 170 89 Essa
2843 10423 234 92 aveva
3138 10436 153 83 loro
3321 10432 135 89 in-

2023 10538 292 60 sinuato
2348 10536 69 61 di
2458 10511 426 104 sospendere
2955 10537 69 58 lé
3074 10512 263 108 ostilità
3406 10536 50 60 e

2028 10635 153 65 così
2209 10652 337 65 avevano
2586 10639 348 59 accettato
2970 10616 117 81 il.
3090 10612 365 111 consiglio
3484 10679 7 7 i

2027 10757 213 45 come
2270 10756 218 63 prova
2525 10737 68 63 di
2636 10739 338 79 ossequio
3040 10757 40 42 e
3139 10738 68 61 di
3264 10737 194 62 defe-

2024 10858 237 66 renza.
2299 10838 394 83 Purtroppo
2729 10840 261 62 invece
3044 10842 66 60 la
3168 10838 290 64 Francia

2026 10942 597 70 stava-trattando
2654 10957 141 65 con
2817 10940 309 69 Genova
3150 10943 66 63 il
3247 10949 234 76 turpe.

2023 11034 322 76 mercato
2377 11027 494 99 dell’acquisto
2901 11044 379 65 dell’Isola.

2114 11162 85 64 In
2230 11182 139 45 una
2404 11165 253 63 lettera
2704 11164 74 63 di
2844 11164 243 66 Pietro
3134 11166 86 63 ad
3280 11168 179 61 Ale-

1990 11264 7 27 i
2025 11264 293 78 sandro,
2369 11268 115 61 del
2519 11285 79 46 22
2619 11269 304 80 giugno,
2957 11287 44 43 e
3042 11267 155 63 cioè
3234 11285 223 63 quan-

2026 11369 95 61 do
2151 11366 93 62 da
2288 11370 180 59 oltre
2511 11388 90 42 un
2688 11387 197 44 mese
2948 11387 141 45 con
3145 11367 313 64 l'obbro-

2024 11467 253 89 brioso
2342 11467 315 82 Trattato
2727 11469 75 61 di
2858 11469 394 78 Versailles
3319 11465 131 81 (15

2025 11559 300 90 maggio
2369 11553 158 97 1768
2550 11569 117 82 )la
2702 11554 452 95 Repubblica
3211 11563 244 64 Geno-

3513 3274 198 80 pello
3794 3277 72 60 di
3925 3276 379 79 guerrieri.
4330 3274 252 76 liberi,

3526 3374 294 65 Francia
3854 3394 146 46 non
4039 3375 160 64 sarà
4264 3378 141 62 mai
4469 3374 503 64 interamente
4919 3370 55 81 -

3527 678 170 43 vese
3751 680 229 46 aveva
4039 665 321 60 venduto
4411 666 77 80 la
4554 666 300 67 Corsica
4915 692 38 41 a

3528 757 200 84 Luigi
3768 762 163 74 XV,
3974 765 57 60 si
4071 767 302 76 parlava
4417 763 87 63 di
4583 786 178 61 pace
4820 772 131 60 alle

3528 864 322 74 seguenti
3926 863 403 62 condizioni
4371 881 15 37 :
4454 864 92 81 1)
4647 868 305 64 Genova

3528 962 569 62 conserverebbe
4133 963 54 61 il
4222 961 211 61 titolo
4503 968 204 77 regio
4771 971 180 59 sulla

3529 1053 320 79 Corsica;
3884 1079 38 42 2
3961 1062 21 77 )
4018 1063 67 60 la
4126 1060 299 63 Corsica
4492 1055 458 90 pagherebbe

3527 1156 133 59 alla
3688 1156 456 81 Repubblica
4208 1177 95 42 un
4375 1176 234 48 annuo
4682 1166 266 63 tributo

3529 1254 235 76 simile
3784 1275 48 43 a
3870 1262 235 74 quello
4139 1261 132 73 che
4301 1257 50 77 il
4379 1255 135 84 Re
4552 1262 72 60 di
4679 1263 268 81 Napoli

3530 1372 271 62 pagava
3856 1361 66 57 al
3964 1358 186 79 Papa
4186 1354 94 84 3)
4350 1352 307 72 Genova
4728 1364 220 62 conti-

3529 1456 562 61 continuerebbe
4126 1457 92 60 ad
4256 1472 348 61 occupare
4645 1480 140 42 una
4846 1464 101 79 pi-

3528 1553 334 63 azzaforte
3899 1554 115 64 del
4085 1556 308 62 litorale.
4460 1558 484 83 Aggiungeva

3529 1651 127 64 che
3687 1656 156 60 solo
3872 1655 23 60 i
3936 1655 134 62 due
4109 1653 218 82 primi
4363 1659 204 73 punti
4592 1676 219 48 erano
4844 1680 102 44 ac-

3529 1753 337 77 cettabili,
3946 1757 89 61 ed
4105 1770 219 48 erano
4378 1757 160 75 stati
4594 1743 348 94 accettati,

3527 1860 277 58 mentre
3825 1859 68 60 la
3930 1862 186 58 terza
4152 1847 340 90 proposta
4515 1842 261 94 poteva
4846 1880 102 43 es-

3529 1973 113 45 ser
3711 1963 328 74 sorgente
4088 1957 71 61 di
4236 1958 244 57 eterne
4559 1960 384 63 discordie.

3530 2054 730 82 Malauguratamente
4311 2054 23 64 i
4374 2051 184 67 còrsi
4622 2076 324 46 avevano

3528 2156 301 89 perduto
3866 2161 246 74 tempo
4152 2157 87 60 ad
4309 2156 503 112 impadronirsi
4878 2158 68 60 di

3528 2259 179 60 tutta
3771 2255 253 66 l'isola.
4096 2232 327 90 Intanto”
4461 2242 87 96 ia
4654 2250 296 71 Francia

3531 2357 339 66 sbarcava
3913 2364 280 78 truppe.
4238 2359 194 63 Paoli
4503 2359 253 62 levava
4830 2360 115 63 tri-

3522 2463 157 61 buti
3708 2481 38 43 e
3776 2463 356 62 scriveva:
4176 2493 25 29 «
4246 2461 91 66 Se
4373 2461 95 64 mi
4512 2460 269 62 sentite
4845 2462 101 61 in-

3531 2565 283 80 colpato
3845 2565 70 61 di
3956 2564 267 64 cattivo
4298 2554 485 92 patriottismo
4844 2562 103 63 di-

3528 2663 411 77 fendetemi,
3994 2685 38 42 e
4060 2666 178 61 siate
4280 2666 212 62 sicuri
4535 2661 132 65 che
4699 2680 144 45 non
4873 2664 72 62 vi

3529 2764 347 64 smentirò
3922 2768 166 60 mai.
4131 2787 38 37 »
4211 2763 326 80 Secondo
4572 2763 268 76 Pietro,
4880 2767 66 60 la

3528 2867 339 62 condotta
3895 2867 184 62 della
4130 2866 293 66 Francia
4476 2882 364 49 muoveva
4911 2884 36 63 a

3501 2967 323 81 sdegno,
3871 2988 34 40 «
3936 2969 105 81 ed
4103 2970 72 64 io
4228 2970 256 77 ‘credo
4558 2984 185 67 sono
4820 2984 123 65 sue

3526 3066 275 90 precise
3814 3066 289 90 parole,
4139 3071 134 63 che
4306 3074 320 61 siccome
4684 3077 262 52 riessun

3525 3189 299 46 numero
3845 3174 69 61 di
3944 3173 274 62 schiavi
4246 3171 162 65 vale
4435 3172 140 63 mai
4593 3189 113 50 un
4746 3169 201 80 drap-

3523 3478 316 81 padrona
3910 3476 373 78 dell’isola;
4325 3473 460 88 generosità,
4831 3491 116 45 va-

3515 3580 161 63 lore
3710 3597 40 44 e
3789 3586 409 76 montagne;
4247 3598 147 58 non
4449 3579 79 71 si.
4583 3592 360 75 superano

3526 3682 86 62 da
3644 3682 118 68 chi
3801 3682 92 64 ha
3920 3682 273 64 veduto
4224 3683 259 87 morire
4507 3650 347 125 Damiens
4874 3696 63 43 ».

3469 3799 32 52 |
3515 3776 441 75 L’allusione
3981 3783 67 61 al
4085 3788 291 77 tentato
4401 3761 408 103 regicidio
4830 3780 115 61 del

3515 3884 118 65 Re
3705 3883 414 68 francese
4030 3878 94 93 è

4081 3855 79 124 è.
4170 3859 352 116 piuttosto
4591 3879 352 120 singolare

3526 3990 187 60 nella
3737 4006 243 62 penna
4003 3987 72 61 di
4095 3947 281 126 Pietro.
4388 3985 254 78 Verri.

3520 4164 9 7 _
3612 4086 424 106 Comunque
4063 4068 68 82 le
4154 4066 370 84 trattative
4527 4085 99 64 di
4695 4086 109 62 cui
4837 4100 107 48 so-

3524 4208 124 95 pra
3672 4208 150 46 non
3848 4187 233 67 erano
4100 4188 156 89 che
4288 4189 148 72 una
4398 4309 2 2 a
4445 4189 229 74 lustra
4731 4204 40 42 e
4788 4178 156 124 fal-

3501 4335 396 147 ‘agognava
3917 4365 78 91 al
4035 4362 294 119 posesso
4358 4317 364 160 dell'isola,
4819 4354 128 114 per

3527 4495 316 65 lasciarsi
3890 4495 319 93 sfuggire
4232 4474 432 115 l'occasione.

3615 4600 95 74 Le
3741 4604 232 60 stesso
4028 4580 297 94 Pietro,
4342 4570 169 115 dava
4573 4595 134 82 poi
4760 4594 186 64 noti-

3527 4707 100 60 zia
3684 4706 57 61 al
3782 4703 302 75 fratello,
4127 4694 133 77 che
4327 4676 178 86 Casa
4582 4697 365 64 d'Austria

3529 4824 145 46 non
3711 4825 121 44 era
3867 4808 247 61 molto
4125 4801 463 91 soddisfatta
4590 4802 201 90 -delle
4824 4817 123 62 co-

3530 4929 77 43 se
3643 4911 69 61 di
3748 4907 318 78 Corsica,
4107 4885 289 109 perchè.
4394 4885 303 96 temeva
4750 4875 141 89 che
4871 4871 60 118 i

3531 5010 315 65 Borboni
3875 5013 453 79 aspirassero.
4338 4990 131 107 ad.
4460 4991 489 117 impadronir-

3532 5116 60 61 si
3615 5114 67 63 di
3721 5118 185 59 tutta
3942 5110 286 98 l'Italia.
4399 5178 4 3 |

3617 5200 461 79 Vedremoin
4122 5232 105 71 un
4267 5191 200 114 altro
4528 5211 299 64 articolo
4883 5209 66 61 le

3531 5328 129 63 fasi
3753 5296 514 94 drammatiche
4325 5294 147 116 dell'
4495 5323 206 80 epica
4778 5321 174 63 lotta

3534 5430 436 64 combattuta
4025 5429 105 63 fra
4189 5425 188 65 còrsi
4417 5443 39 45 e
4518 5423 330 65 francesi.
4879 5417 74 74 Il

3536 5530 386 85 Carteggio
3952 5531 213 63 Verri
4220 5523 289 82 ribocca
4555 5527 69 63 di
4692 5523 261 66 notizie

3502 5612 98 109 al
3622 5635 361 82 riguardo,
4026 5636 67 60 le
4132 5631 196 82 quali
4365 5648 126 63 per
4516 5616 121 77 noi
4683 5625 267 65 italiani

3532 5738 369 62 rivestono
3941 5755 94 43 un
4108 5725 426 91 particolare
4574 5731 374 63 interesse.

4217 5889 83 63 O.
4345 5855 97 110 F:
4461 5881 406 87 Tencajoli.

3618 6024 264 64 L'Idea
3907 6025 404 64 Nazionale
4346 6039 386 67 23-1-1925.

3516 6305 567 156 NUTIZIE
4156 6260 193 198 DI
4403 6265 551 240 CORSICA

4517 6684 7 5 '
4560 6666 320 82 Aiacciu

3610 6835 78 11 —
3715 6799 405 83 S'annuncia
4161 6821 44 37 u
4245 6797 334 76 prossimu
4628 6796 336 60 matrimo-

3539 6896 113 59 niu
3685 6895 64 59 di
3780 6915 44 39 u
3854 6895 143 72 sgiò
4025 6893 295 83 Martinu
4375 6893 308 60 Frasseto
4724 6910 80 41 cu
4832 6889 132 60 Ma-

3536 6988 347 60 damicella
3912 6988 323 60 Mossant.

4386 7069 44 9 re

3608 7151 84 32 —
3731 7142 403 61 S'annuncia
4156 7162 57 39 a
4237 7135 215 85 morte
4457 7140 79 60 di
4567 7162 43 38 u
4640 7141 146 74 sgiò
4833 7139 131 60 Du-

3537 7239 266 59 menicu
3861 7238 269 67 Bartoli,
4190 7233 316 67 direttore
4558 7236 68 58 di
4694 7254 37 38 a
4788 7234 176 60 scòla

3538 7331 480 78 professionale
4045 7353 37 38 a
4114 7328 458 64 Pnom-Penh.

3552 7563 3 3 _
3613 7474 147 95 —EÈ
3778 7495 177 51 statu
3985 7507 41 39 u
4047 7475 432 71 matrimoniu
4537 7484 86 59 di.
4649 7483 311 75 madami-

3543 7580 174 59 cella
3719 7569 228 90 Paula
3979 7579 227 60 Lazari
4236 7573 89 65 éu
4341 7579 251 73 :u‘sgid
4623 7595 16 37 :
4649 7573 315 63 Dumeni-

3544 7695 97 39 cu
3655 7674 263 77 Massa,
3929 7673 339 78 sicritariu
4265 7672 81 72 di
4370 7674 55 57 u
4443 7672 280 71 Partitu
4758 7672 204 58 Corsu

3540 7770 341 77 d'Azione
3948 7787 37 57 e
4035 7757 732 86 tresoriere-aggiuntu
4819 7765 66 58 di
4925 7784 37 55 a

3544 7844 425 80 Fraternelle
4038 7849 203 74 Corse
4287 7858 585 78 d'i;cumbattenti-
4927 7877 36 40 e

3512 7952 311 91 mutilati.
3875 8039 9 5 Cc
4217 7997 14 37 -.
4363 7931 88 108 ly

4390 8019 7 9 è

4349 8030 91 9 =
4426 8020 8 28 n=

4359 8113 144 78 «i
4647 8104 233 67 Aulié

3614 8186 160 84 "~U
3810 8193 315 98 ‘giovanu
4172 8168 362 133 Telemacu
4588 8206 402 75 Benedetti,

3540 8292 106 93 19:
3652 8306 219 83 anni,
3890 8307 102 83 s'è
4034 8305 236 79 tombu
4313 8284 363 110 caschendu
4722 8300 269 80 ind'un

3539 8399 363 77 precipiziu
3943 8380 82 78 da
4077 8420 93 38 un
4173 8374 289 130 "altezza.
4463 8385 80 92 di
4578 8412 102 87 120
4733 8393 231 89 metri.

4340 8542 52 60 _
4456 8565 12 30 :
4528 8546 353 65 .:Bastia

3614 8688 74 8 —
3718 8656 52 60 È
3798 8664 216 51 mortu
4037 8675 43 38 u
4112 8655 144 74 sgiò
4291 8652 408 63 Adrianu-:de
4730 8648 226 70 Pietri,

3530 8748 293 81 anzianu
3849 8745 353 138 impiegatu
4243 8750 68 56 di
4341 8769 35 37 e
4399 8758 196 133 poste.

4402 8874 479 94 ~.Bonifaziu

3611 9041 78 10 —
3709 8942 387 142 S'annuncia
4138 8969 94 91 dà
4250 8970 284 106 SaiZéié
4575 8993 54 69 aî
4650 8997 215 60 morte
4894 8995 65 61 di

3537 9077 457 81 madamicella
4024 9095 292 72 Lavigne
4344 9093 226 67 d’anni
4592 9106 99 58 17.

4597 9242 283 76 Campu

3610 9316 153 94 È
3792 9345 176 86 statu
4008 9290 67 117 li
4050 9358 268 70 intarru
4345 9347 399 77 di.madàma
4753 9341 212 65 vedu-

3537 9465 80 39 va
3647 9422 425 102 Canavaggio
4093 9437 157 84 nata
4274 9423 439 105 Casabianca.

4390 9581 487 79 Ciamanacce

3610 9697 498 63 —S'annuncia
4138 9717 41 39 u
4226 9697 334 73 prossimu
4612 9692 345 59 matrimo-

3538 9794 116 57 niu
3682 9792 64 58 di
3781 9789 480 61 madamicella.
4302 9789 206 77 Maria
4539 9785 250 61 Bartoli
4817 9804 37 40 e
4893 9784 63 59 di

3537 9909 44 38 u
3648 9883 371 76 brigadiere
4062 9883 67 57 di
4185 9881 487 74 gendarmeria
4709 9877 250 60 Labou-

3538 9976 143 84 che.

4673 10122 206 63 Corti

3608 10268 72 11 —
3705 10218 53 73 È
3785 10242 219 48 mortu
4045 10250 42 38 u
4119 10230 145 71 sgiò
4326 10227 356 59 Ghiuvanu
4728 10226 232 60 Battis-

3535 10338 73 49 tu
3634 10325 329 68 Vivicorsi
3991 10322 221 60 d'anni
4242 10321 101 58 63.

3704 10171 20 7 -
3730 10163 38 28 2.
4393 10173 70 8 >.

3695 10491 51 20 7
4338 10477 218 64 u:
4646 10472 265 63 Levie:

3608 10595 58 33 —
3711 10568 110 72 S'è
3838 10527 169 113 fattu
4062 10599 47 37 u
4159 10572 427 63 matrimoniu
4627 10576 72 58 di
4739 10565 220 70 mada-

3536 10662 260 72 micella
3813 10673 193 59 Rosa
4005 10648 377 98 Rocaserra
4406 10664 88 58 cu
4538 10687 45 38 u
4638 10672 146 71 sgiò
4830 10657 129 72 Tu-

3536 10769 257 73 masgiu
3829 10765 363 75 Quilichini
4222 10763 66 57 di
4283 10712 190 177 Pila
4490 10712 281 177 Canale.

3581 10954 118 9 —
3704 10907 62 75 È
3793 10920 244 70 mortu,
4068 10936 126 59 a'j1
4224 10939 223 47 annu,
4492 10941 42 38 u
4565 10902 141 125 sgiò
4756 10911 203 113 Ghiu-

3536 11001 192 98 vanni
3731 11000 433 127 Roccaserra.

4626 11210 247 66 Oletta

3608 11332 56 21 —
3716 11309 54 79 U
3798 11309 148 72 sgiò
3977 11308 386 72 Ghiaseppu
4412 11307 288 74 Olmeta,
4731 11313 74 58 23
4842 11333 114 37 an-

3536 11399 92 68 ni,
3676 11392 377 67 caschendu
4110 11401 85 58 da
4249 11398 367 61 un'altezza
4645 11403 70 57 di
4760 11414 195 48 centu

3533 11491 217 66 metri,
3770 11492 73 56 in
3864 11491 67 59 lu
3964 11492 368 85 precipiziu
4358 11490 66 59 di
4443 11511 44 37 u
4517 11494 315 59 Lancone
4861 11495 110 76 s'è

3533 11570 256 69 tombu.

4657 3268 164 73 così
4845 3263 122 83 la

4980 10990 4 5 À
5036 10945 118 68 ce,

4979 11055 3 2 |
5024 11040 377 72 l'appieftu
5437 11063 97 37 nn
5551 11040 182 72 balu
5802 11045 361 70 scubignu,
6215 11044 259 74 princi-

7770 492 163 63 RS

5867 671 496 67 Pastricciòla

5102 824 77 11 —
5217 794 132 55 Dui
5394 795 239 67 cucini,
5695 794 318 59 Bastianu
6076 790 266 61 Parenti
6415 808 37 39 e

5032 880 265 59 Ghiuliu
5346 884 211 59 Santu
5603 887 422 66 Manodritta,
6085 887 67 55 in
6191 883 258 72 seguitu

5029 989 37 39 a
5083 992 127 37 una
5243 964 288 82 disputa,
5565 975 55 58 si
5645 995 75 38 so
5753 976 254 72 pigliati
6036 996 37 36 a
6103 973 345 73 pistulitta-

5028 1072 95 48 te:
5145 1062 266 58 Parenti
5443 1067 39 55 è
5500 1067 216 57 mortu
5747 1087 38 37 e
5801 1067 399 57 Manodritta
6221 1068 29 54 è
6278 1068 170 54 statu

5028 1152 172 58 firitu
5260 1155 201 56 d'una
5537 1158 170 69 palla
5772 1156 105 58 chi
5934 1155 128 59 l'ha
6119 1169 232 44 troncu
6409 1176 40 36 u

5028 1246 379 57 manzillare
5437 1267 37 37 e
5502 1251 36 54 è
5589 1249 239 56 surtitu
5853 1268 82 51 pa
5964 1268 43 37 u
6038 1249 195 55 collu.

5641 1397 204 62 Peru
5882 1395 488 65 Casevecchie

5099 1547 73 8 —
5196 1511 404 61 S'annuncia
5639 1536 41 38 u
5719 1517 432 58 matrimoniu
6208 1519 65 56 di
6321 1538 134 37 ma-

5031 1602 342 60 damicella
5431 1607 366 60 Francesca
5840 1604 380 113 Ciavaldini
6275 1629 79 41 cu
6407 1630 44 38 u

5030 1695 359 72 gendarme
5441 1698 364 62 Levénard.

6068 1851 303 76 Poghiu

5070 1965 176 58 —E
5275 1976 180 48 statu
5498 1989 42 36 u
5577 1970 433 59 matrimoniu
6056 1971 66 57 di
6162 1972 293 61 l'aiu)an-

5028 2062 63 47 te
5119 2073 164 54 capu
5340 2059 285 60 Michele
5667 2062 172 77 Leca
5883 2083 81 38 cu
5996 2063 456 60 madamicella

5029 2143 319 62 Vincente
5379 2150 276 59 Bartoli.

5885 2260 71 34 "+
5995 2256 73 86 _
6084 2261 288 77 Prupià

5101 2412 72 9 —
5202 2382 50 59 È
5282 2397 244 60 mortu,
5559 2387 37 58 a
5615 2403 74 58 40
5737 2391 184 71 anni,
5961 2413 38 37 u
6030 2392 144 73 sgiò
6213 2386 241 65 Dume-

5029 2474 147 59 nicu
5208 2476 257 61 Salotti.

6103 2635 268 62 Rennu

5101 2784 57 7 —
5194 2754 101 60 S'è
5350 2756 231 62 fattuu
5634 2761 432 60 matrimoniu
6121 2763 67 57 di
6233 2762 222 59 mada-

5028 2845 252 81 micella
5345 2850 209 60 Maria
5604 2842 366 89 Dumenica
6046 2854 183 60 Leca
6274 2874 79 39 cu
6410 2873 42 40 u

5025 2940 445 63 sott'ufficiale
5499 2946 336 60 Dumieniu
5866 2946 291 61 Davide.

6151 3089 214 72 Sartè

5025 3246 74 9 —
5121 3203 49 72 È
5199 3230 221 48 mortu
5404 3199 84 100 u
5470 3223 213 72 sgiò
5712 3223 405 77 ghiasseppu
6174 3226 275 68 Nicolai,

5026 3309 229 61 d'anni
5277 3328 99 58 42.

6015 3451 47 111 |
6070 3451 301 111 Tavera
6433 3452 10 23 ©

5023 3634 72 9 —
5118 3583 58 87 È
5203 3605 173 65 statu
5457 3595 292 86 l’intarru
5842 3590 76 66 di
5996 3578 459 100 madamicella

5027 3691 307 76 Angliula
5364 3690 212 59 Maria
5596 3689 430 62 Giustiniani.

5659 3843 215 90 Valle
5912 3843 82 63 di
6022 3842 346 66 Mezzana

5108 3957 49 76 E
5179 3987 236 58 morta,
5450 3996 37 39 a
5512 3941 80 95 88
5619 3972 178 78 anni,
5843 3962 308 96 madama
6196 3974 258 103 veduva

5028 4059 357 114 Francesca
5429 4053 252 75 Cesari.

6182 4215 193 65 Vicu

5085 4331 72 73 È
5184 4354 173 52 statu
5411 4367 48 38 u
5525 4345 428 61 matrimoniu
6022 4334 66 70 di
6156 4343 302 61 madama

5024 4440 253 70 veduva
5307 4441 183 72 Lena
5518 4441 366 78 Pubereau,
5927 4449 157 70 nata
6125 4429 335 90 Pozzo-di-

5029 4535 235 76 Borgo,
5294 4556 86 39 cu
5402 4556 43 38 u
5470 4535 147 75 sgiò
5644 4534 232 87 Susini
5905 4535 66 59 di
5994 4534 264 60 Rennu.

5715 4815 47 43 4

5145 4982 279 71 Racontu

5302 5099 47 28 c——
5400 5109 4 11 —

5387 5227 175 109 Ava
5612 5230 80 104 si
5695 5225 403 137 franghia

5115 5588 60 58 U
5195 5588 224 59 corciu
5438 5587 81 60 di
5529 5587 119 60 ziù
5680 5588 386 67 Don-Ghià,
6096 5593 226 54 mortu
6340 5581 122 64 an-

5033 5682 78 57 ni
5132 5702 322 49 sonu,era
5483 5702 93 37 un
5604 5683 76 57 di
5702 5682 344 73 s'antighi
6053 5683 198 59 corsi
6273 5689 188 52 ones-

5035 5775 72 69 fi,
5145 5775 510 75 travagliadori
5683 5797 37 37 e
5756 5779 357 72 penserosi
6142 5779 94 71 pè
6287 5797 47 39 a
6384 5795 76 40 so

5036 5889 210 46 casa;
5298 5889 121 40 ma
5478 5890 93 39 un
5626 5871 167 59 avia
5860 5875 194 55 tante
6095 5891 368 54 gnagnare

5036 5984 81 39 cu
5144 5966 29 56 i
5204 5962 354 61 zitellacci
5579 5965 405 71 quand'ellu
6012 5966 30 57 i
6065 5964 397 73 chiappava

5036 6059 71 57 in
5133 6058 250 73 difettu
5408 6058 80 59 di
5510 6057 347 67 latrucinu
5873 6080 23 36 :
5912 6080 45 36 u
5987 6059 151 80 sòiu
6168 6079 121 39 era
6313 6060 183 78 sòiu

5039 6170 90 40 un
5156 6152 173 57 c'era
5358 6153 245 58 nunda
5574 6135 82 98 a
5702 6139 107 84 fà.

5102 6245 98 81 Ci
5220 6245 152 59 vòle
5397 6266 47 38 a
5465 6246 102 64 dì;
5589 6252 131 65 per
5745 6253 149 63 esse
5910 6264 187 52 veru,
6117 6245 347 59 ch'ell'era

5037 6333 259 78 sempre
5341 6331 367 67 sfrecciatu
5760 6330 248 77 cume
5943 6325 64 95 i
6055 6339 207 66 ladri,
6303 6329 162 85 ben-

5038 6431 317 60 ch'ell'un
5381 6432 59 59 li
5464 6431 392 60 manchessi
5880 6420 242 71 nunda
6176 6432 78 58 di
6296 6449 165 40 casa

5043 6526 170 58 sdia.
5254 6529 102 59 Un
5397 6526 372 60 lavendusi
5816 6526 273 73 ch'ogni
6114 6533 215 53 morte
6372 6526 101 59 di

5039 6640 216 64 vescu,
5322 6609 161 71 l'òliu
5511 6620 486 74 specchiulava
6025 6622 97 58 da
6141 6622 31 57 i
6193 6607 78 73 so
6286 6628 180 66 pan-

5041 6716 76 58 ni
5140 6734 189 54 cume
5357 6716 410 73 quand'ellu
5791 6715 182 61 zirla
6021 6715 96 58 da
6146 6736 39 37 e
6224 6714 243 59 zimbi-

5039 6830 103 38 ne.

5123 6904 84 59 Un
5221 6849 288 129 zitellu,
5520 6925 138 64 una
5678 6907 221 82 volta,
5924 6902 302 74 (Indria
6267 6923 49 39 u
6351 6899 116 63 Tu-

5036 7017 145 53 gnu
5226 6999 246 60 s'iòun
5525 7001 99 57 mi
5638 6979 339 98 Sbagliu).
5991 6999 278 67 andete,
6304 6998 164 59 letu-

5041 7093 72 57 lu
5139 7092 236 69 letulu,
5408 7095 73 57 in
5508 7094 113 60 mu
5646 7092 89 69 so
5737 7091 158 70 ortu
5932 7114 37 39 e
5985 7092 276 74 picchiò
6296 7112 172 40 nan-

5043 7193 71 51 fu
5133 7206 45 38 u
5204 7206 74 40 so
5306 7187 367 82 chiaragiu
5692 7188 408 60 muscatellu
6110 7196 130 64 per
6256 7186 212 59 sciac-

5042 7282 267 70 cassine
5350 7282 185 59 duie.

5125 7373 125 72 Or,
5279 7375 195 59 bella
5498 7375 207 69 bella,
5737 7377 173 58 l'òra
5964 7376 80 60 di
6081 7395 43 38 u
6179 7373 204 60 ladru
6430 7373 38 56 è

5042 7468 286 77 qualchi
5381 7470 191 73 volta
5599 7469 420 72 spiumbata.
6408 7455 6 5 |

5111 7563 201 69 Eccu,
5364 7565 72 55 in
5473 7563 190 71 fatti,
5707 7563 135 70 chi,
5867 7582 214 74 manu
6126 7581 49 41 a
6220 7578 232 50 manu,
6512 7576 5 4 |

5041 7656 284 95 t'affaca
5346 7656 122 60 ziù
5488 7655 371 61 Don-Ghià
5879 7683 34 31 »
6363 7734 3 2 |

5114 7783 77 11 —
5215 7750 57 60 O
5305 7742 569 82 Canagliò,indè!
5886 7744 234 79 qual'è
6146 7750 116 72 chi
6320 7744 143 62 t'ha

5040 7843 188 59 dettu
5277 7844 83 59 di
5413 7864 172 39 vene
5642 7866 44 37 a
5746 7842 338 75 manghià
6128 7864 39 37 e
6221 7842 243 59 chiara

5034 7935 176 74 gie?
6398 7920 5 3 |

5122 8031 60 60 U
5217 8031 246 60 zitellu
5534 8020 115 70 chi
5698 8034 210 72 sapià
5969 8033 104 57 ciò
6148 8029 116 59 chi
6312 7993 158 94 l'às-

5033 8129 314 68 pettava,
5397 8126 182 58 restò
5640 8146 88 38 ne
5771 8125 171 60 còtu
5971 8145 97 39 ne
6097 8112 253 78 crudu,
6406 8122 65 80 SI

5038 8213 144 83 rese
5199 8238 47 38 a
5278 8231 32 31 «"
5324 8217 176 73 sube
5526 8219 296 58 Domine
5851 8239 25 30 »
5910 8239 57 48 e,
5993 8219 229 71 piettu
6249 8235 46 39 a
6337 8234 131 40 me-

5025 8317 96 57 ze
5191 8310 298 73 fronde,
5550 8313 301 72 rispose:

5113 8404 167 60 —O
5340 8406 123 58 ziu
5532 8394 157 71 Don
5758 8405 198 83 Ghià,
6016 8425 93 38 un
6169 8425 45 36 a
6279 8401 187 60 m'ha

5038 8498 192 57 detta
5266 8500 218 69 nimu,
5516 8519 39 40 e
5607 8501 70 58 vi
5720 8498 363 61 dumandu
6126 8497 337 73 perdonu.

5113 8621 76 7 —
5218 8591 261 67 Bravu,
5526 8593 312 78 ripigliò
5881 8594 121 58 ziù
6070 8578 393 77 Don-Ghià,

5030 8690 208 65 posta
5265 8684 119 76 chi
5391 8693 93 67 tu
5530 8684 98 74 ha
5654 8686 168 80 dici
5840 8686 281 72 franca,
6179 8686 58 58 ti
6266 8693 202 51 scusu

5031 8785 129 64 per
5182 8784 109 52 sta
5320 8777 223 68 volta;
5570 8798 117 39 ma
5709 8779 84 72 fà
5847 8781 397 58 attenzione
6274 8798 48 38 a
6375 8797 92 39 un

5038 8872 231 58 veneci
5292 8874 134 75 più
5480 8891 216 40 senza
5725 8893 45 39 u
5815 8874 138 58 miò
6010 8874 261 70 ordine:
6303 8871 160 66 allò,

5038 8962 95 59 da
5160 8983 46 38 u
5230 8965 357 60 mumentu
5627 8954 116 70 chi
5765 8972 75 51 fu
5876 8968 61 55 sì
5990 8974 245 59 riantu,
6293 8966 174 58 lam-

5031 9058 279 71 pamine
5340 9058 168 58 duie
5520 9058 176 60 belle
5724 9066 291 65 mature.

5120 9149 366 87 Cuntentu,
5508 9169 45 39 u
5587 9150 235 73 Tugnu
5841 9151 230 74 piglia
6124 9173 38 36 e
6204 9152 266 72 lampa-

4986 9269 8 6 I
5038 9240 54 58 Zi
5111 9242 284 60 ramelle
5438 9254 52 48 e
5510 9246 452 71 gambunette
6005 9265 50 41 a
6110 9245 356 78 tifulmini,

5039 9335 123 59 ma.
5202 9338 489 82 S'arrangiava
5758 9340 82 58 di
5878 9360 288 39 manera
6220 9359 48 37 a
6307 9338 216 73 falli)

5036 9431 203 78 cascà
5267 9425 272 67 futtuin
5573 9440 324 66 tupezzu.
5887 9413 228 169 Eppò,
6142 9431 130 75 per
6298 9432 168 70 ride,

5020 9517 67 88 li
5118 9499 163 129 disse
5307 9545 44 41 :
5331 9571 56 46 È

5110 9646 76 10 —
5233 9607 57 69 Ô
5348 9600 125 78 ziù
5528 9599 371 82 Don-Ghià
5968 9611 101 69 mi
6127 9620 231 59 derete
6426 9638 44 40 u

5038 9716 227 53 vostru
5304 9714 329 71 cappellu
5686 9714 179 57 ch'iò
5947 9734 46 37 u
6038 9715 198 71 possi
6276 9714 195 72 fran-

5031 9803 171 73 ghià
5220 9824 37 39 e
5276 9804 89 72 fà
5391 9805 196 60 l'òliu
5612 9815 130 65 per
5770 9825 328 42 mamma.
6457 9839 28 3 -

5119 9899 61 57 U
5198 9899 307 70 vecchiu,
5526 9900 197 72 digià
5765 9900 474 60 malcuntentu
6265 9901 205 58 d'avè

5036 9991 308 60 ricevutu
5383 9994 286 60 ramelle
5709 10000 74 53 in
5811 9994 301 70 chiocca,
6163 9992 308 74 s'ingolle

5036 10103 83 40 sa
5136 10086 179 72 nòva
5344 10076 362 82 inghiuria
5735 10109 39 37 e
5800 10075 351 90 risponde,
6179 10088 292 74 placidu

5030 10177 284 72 placidu
5338 10167 42 70 :

5113 10300 75 9 —
5229 10273 100 73 Si,
5365 10272 94 68 si,
5502 10292 44 40 u
5584 10273 136 59 miò
5770 10274 260 58 ciucciu
6074 10294 44 37 u
6170 10276 57 55 ti
6272 10274 198 59 dera-

5031 10364 200 72 ghiu;
5330 10368 147 57 avà
5544 10365 317 72 falatine
5928 10367 118 60 chì
6115 10367 359 73 chiaragie

5036 10457 285 74 n'aghiu
5350 10459 482 77 abbastanza.
5912 10496 54 32 —-

5112 10553 499 72 Spenseratu,u
5629 10557 329 76 piscainu
5981 10554 486 76 s'aggronchia

5036 10666 47 36 a
5109 10667 45 38 u
5180 10647 322 82 scucchiu
5520 10649 80 58 di
5622 10651 311 60 l'erburu
5962 10672 38 38 e
6019 10651 164 72 face
6202 10659 133 64 per
6359 10650 111 72 fa-

5036 10741 94 59 la.

5118 10852 522 79 Quand'ell'era
5674 10876 51 41 a
5768 10858 296 80 l'altura
6082 10857 82 59 di
6187 10878 38 37 e
6285 10858 187 57 brec-

5184 10949 117 56 ziù
5328 10950 399 65 Don-Ghià,
5769 10943 278 70 ch'avia
6091 10951 306 73 Pigliatu
6423 10947 59 62 a

5027 11135 129 68 pia
5184 11154 48 36 a
5263 11135 87 69 fà
5361 11134 408 71 piòvecolpi
5793 11154 223 40 senza
6057 11138 405 90 cumpassio-

5034 11245 107 48 ne,
5183 11225 333 61 dicendu:

5184 11368 74 11 —
5281 11337 164 57 Avà
5491 11335 67 59 si
5581 11333 368 74 franghia.

5551 11522 376 82 Rustincu
5964 11529 95 72 di
6079 11527 304 73 Loretu.

6531 681 670 150 GRONACA
7247 666 723 230 AIACCINA

6815 1144 25 19 .
7388 1083 495 70 Matrimoniu

6624 1229 275 65 Ghiovi
6973 1228 38 61 è
7076 1230 186 58 statu
7354 1242 44 40 u
7495 1216 476 91 matrimoniu

6533 1332 66 61 di
6634 1350 44 42 u
6715 1333 252 60 nostru
7003 1326 283 62 fratellu
7322 1323 69 61 di
7425 1320 157 63 fede
7613 1315 355 64 Dumeni-

6533 1450 85 44 cu
6688 1431 237 63 Massa
6997 1445 86 52 cu
7162 1419 490 68 madimacella
7744 1414 226 64 Paula

6535 1533 256 62 Lazari.

6618 1652 139 60 Per
6788 1650 144 68 via
6992 1645 167 66 d'un
7223 1640 170 67 dòlu
7427 1635 536 85 recentissimu,

6534 1750 134 65 sòli
6708 1749 277 83 parenti
7044 1765 40 45 e
7148 1744 236 67 intimi
7449 1739 385 90 assistianu
7906 1733 60 65 a

6535 1848 399 94 cirimonia.
7762 1919 13 7 |

6618 1970 88 62 A'
6753 1970 279 74 merria,
7095 1985 48 45 u
7208 1960 575 84 sicond'agiuntu
7839 1955 133 66 Ni-

6535 2070 181 64 colai
6752 2069 91 64 ha
6887 2070 366 71 felicitatu,
7289 2083 87 45 cu
7411 2060 245 84 paròle
7715 2061 249 71 scelte,

6514 2172 42 59 i
6610 2171 348 78 giovanni
7015 2168 223 78 sposi.
7315 2162 83 62 In
7452 2161 266 74 Domu,
7758 2163 212 76 prete

6536 2257 227 88 Felce,
6839 2265 383 85 dòp'avelli
7319 2261 206 78 uniti,
7626 2259 179 76 fece,
7891 2258 80 63 in

6536 2369 725 84 un'improvisazione
7298 2367 214 81 piena
7542 2363 70 63 di
7676 2359 199 85 pietà
7929 2377 43 43 e

6537 2475 69 62 di
6646 2473 270 82 puesia,
6959 2490 98 44 un
7117 2470 359 63 riassuntu
7544 2463 92 64 d'i
7711 2461 261 63 duveri

6531 2574 300 63 mutuali
6868 2573 71 62 di
6977 2570 177 87 nòvi
7195 2566 400 84 cungiunti.

6621 2690 30 63 I
6716 2690 358 65 tistimoni
7126 2705 240 55 eranu,
7407 2683 91 82 pè
7594 2704 48 42 u
7712 2680 254 84 spòsu,

6534 2811 46 42 u
6615 2799 256 58 nostru
6905 2793 344 63 direttore
7287 2788 218 62 Petru
7540 2783 264 74 Rocca,
7876 2781 96 82 pè

6535 2912 36 43 a
6601 2911 238 62 sposa,
6871 2911 47 42 u
6949 2892 342 79 capitanu
7316 2885 225 65 Tolla.

6618 3014 70 59 A
6725 3029 177 55 sera,
6942 3027 47 44 u
7015 3007 303 64 battellu
7353 3004 71 63 di
7450 3001 207 65 Nizza
7702 3002 61 62 si
7800 3016 172 67 pur-

6532 3111 75 66 tò
6640 3133 43 42 u
6721 3116 251 61 nostru
6997 3123 405 73 cumpagnu
7425 3122 41 45 e
7503 3120 81 48 so
7612 3103 361 80 mugliere

6532 3213 194 64 versi
6767 3231 45 42 u
6866 3230 218 62 paese
7147 3210 401 62 assulanatu
7587 3203 91 65 d'i
7715 3203 252 82 viaghj

6534 3315 387 64 ciceronati
6938 3312 125 63 da
7087 3310 299 65 l’amore
7419 3326 15 45 :
7462 3304 276 66 l’Italia.

6960 3559 4 3 |
7581 3495 110 64 Ne
7725 3493 158 65 fala

6620 3625 272 77 Acqua,
6947 3603 413 98 grandine,
7446 3599 247 93 veatu,
7793 3630 181 44 eccu

6523 3723 248 64 ciochi
6811 3725 62 61 ci
6902 3726 205 59 tocca
7131 3718 195 84 dipôi
7354 3736 139 45 una
7522 3716 445 82 quindicina.

6620 3841 190 84 Soga
6847 3860 56 44 u
6928 3842 152 63 sole
7120 3839 39 64 è
7195 3844 339 77 scappatu
7589 3838 74 60 in
7715 3835 258 81 pinzu-

6534 3945 302 65 tiaP?...

6740 4065 31 11 n
7541 4057 345 79 Canzone

6625 4182 364 65 Maistrale
7013 4168 98 75 ha
7150 4179 314 63 cacciatu
7483 4183 121 57 tre
7656 4192 317 49 canzone

6525 4279 356 120 elettorale
6891 4299 60 44 :
6935 4277 170 65 D

6548 4444 351 84 Canzona
6942 4442 85 77 di
7070 4460 54 44 u
7138 4443 334 81 partitu
7501 4440 82 63 di
7628 4458 49 44 u
7713 4436 263 65 Merri

6669 4564 356 86 Canzona
7054 4563 85 61 di
7165 4581 51 45 u
7254 4566 267 62 contra
7543 4562 307 82 partitu

6706 4684 355 82 Canzona
7099 4683 85 62 di
7220 4683 30 60 i
7274 4702 42 40 «
7357 4679 88 64 Si
7470 4677 271 66 vidarà
7779 4699 40 39 »

6627 4853 177 67 Cusì
6842 4844 295 94 ognunu
7184 4852 96 83 pò
7320 4849 201 74 cantà
7568 4851 309 65 sicondu
7948 4852 24 62 i

6475 4979 3 1 |
6539 4974 83 47 so
6661 4957 269 83 gusti,
6895 4944 68 100 i
6971 4973 81 47 so
7092 4953 447 79 sentimenti,
7596 4971 39 46 e
7657 4948 103 70 so
7800 4953 171 65 sim-

6538 5059 215 81 patie.

6503 5205 24 28 »
6625 5175 165 80 Què
6851 5196 38 43 a
6920 5179 355 78 scuparta
7346 5174 38 63 è
7456 5192 206 46 cume
7735 5173 238 84 quella

6539 5281 72 62 di
6664 5277 197 66 l'òvu
6895 5280 71 61 di
7009 5276 405 65 Cristoforu
7453 5274 383 76 Colombo,
7870 5276 105 62 fa-

6540 5381 554 64 cilissimu...ma
7122 5379 401 83 bisugnava
7554 5396 40 45 a
7620 5377 352 83 pinsacci.

6629 5498 198 85 Ogni
6855 5516 310 48 canzona
7202 5518 92 44 un
7339 5504 197 59 costa
7567 5515 79 46 ca
7684 5502 117 60 tre
7822 5485 159 76 sol-

6539 5604 85 62 di
6659 5620 39 45 e
6733 5604 68 61 A
6843 5600 303 78 Muvra,
7196 5603 61 61 si
7288 5617 95 48 vo
7413 5619 40 44 e
7491 5602 47 61 li
7570 5599 285 77 chirite,
7895 5601 77 60 vi

6537 5722 93 45 ne
6667 5702 96 83 pò
6796 5701 263 66 mandà
7096 5704 372 62 cintinare.

6626 5824 213 62 Ancu
6884 5824 20 61 i
6945 5823 180 64 muti
7165 5820 250 65 s'hanu
7479 5821 87 62 da
7636 5824 227 61 mette
7927 5841 53 51 a

6543 5923 213 92 cantà
6791 5924 51 61 !-.

7580 6067 398 78 Ungarese

6629 6200 71 59 A
6734 6216 48 42 u
6825 6218 38 39 «
6900 6194 377 84 Napuliò»
7344 6214 140 43 una
7540 6195 441 81 quindicena

6544 6301 71 61 di
6649 6296 396 71 danzatrice
7090 6316 353 63 ungarese
7503 6295 251 65 c'hanu
7812 6290 172 71 rali-

6543 6405 205 86 gratu
6786 6420 40 43 a
6897 6402 189 61 vista
7122 6417 90 45 cu
7267 6419 40 43 e
7363 6418 80 45 so
7481 6405 232 58 trenta
7731 6400 250 81 jambe

6545 6503 212 94 nude.
6792 6520 37 43 e
6866 6502 248 64 similse
7168 6521 39 43 e
7256 6521 48 56 a
7341 6503 445 95 sgualtrezza
7825 6502 75 63 di
7940 6520 41 45 e

6549 6600 98 69 so
6668 6602 218 84 taglie
6924 6604 114 88 chi
7096 6606 63 61 si
7199 6606 323 103 turcianu
7578 6623 196 45 cume
7795 6607 153 118 _spi

6544 6707 143 83 ghe
6718 6704 206 67 sott'a
6950 6672 455 123 tramuntana.

6628 6825 213 64 Tutte
6878 6827 337 82 giovane,
7250 6825 279 66 fresche
7552 6846 40 44 e
7623 6828 190 63 bella
7864 6845 121 46 ma

6520 6911 253 78 -savie.

6631 7043 136 66 Più
6807 7045 165 63 d'un
7009 7044 472 66 vicchiarellu
7533 7046 98 64 s'è
7664 7045 322 66 firmatu

6546 7164 38 45 a
6618 7148 247 81 lingua
6892 7148 86 63 di
7017 7146 156 66 fòra
7207 7149 396 63 videndule
7661 7150 324 64 andassi-

6545 7266 93 44 ne
6665 7253 180 60 tutte
6884 7250 303 80 inseme,
7224 7251 326 63 sticchite
7617 7252 361 76 sticchite,

6545 7349 644 67 au«Solferino»
7254 7352 309 97 duv'elle
7627 7354 354 83 allughia-

6543 7470 220 44 vanu.

7608 7596 365 123 Pugilatu

6632 7766 44 84 I
6693 7766 254 64 fratelli
6988 7765 232 79 Ricci,
7252 7788 283 64 sempre
7588 7774 76 62 in
7700 7772 283 63 chiesta

6546 7869 70 61 di
6643 7866 273 77 nuvità,
6966 7868 374 84 dòp'aveci
7388 7872 178 90 fattu
7599 7874 216 82 gode,
7872 7876 111 61 ul-

6542 7967 444 85 timamente,
7017 7975 237 79 quelle
7296 7977 462 78 graziossime
7808 7987 175 71 ope-

6543 8070 178 104 rette
6800 8069 306 106 italiane,
7178 8077 64 61 ci
7313 8083 480 73 prumettenu,
7850 8094 135 64 per

6545 8171 307 72 l'intrata
6890 8175 84 62 di
6995 8193 257 60 marzu,
7294 8197 141 43 una
7453 8197 229 46 mezza
7706 8179 278 63 duzena

6547 8275 69 64 di
6645 8275 292 64 matchs
6974 8277 71 62 di
7084 8279 348 88 pugilatu.
7659 8280 6 5 |

6628 8392 211 67 Tanti
6864 8396 607 81 ringraziamenti.

7425 8578 230 66 Marti
7690 8549 294 97 Grassu

6636 8706 464 85 Scimughjne
7172 8712 326 65 nizzardu
7585 8716 116 63 in.
7743 8718 241 82 piazza

6552 8798 407 81 Diamante;
7003 8795 520 91 impurtazione
7576 8809 267 65 diretta
7882 8812 93 62 da

6549 8909 39 57 è
6640 8903 277 82 sponde
6952 8904 429 66 nurdinche.
7424 8902 341 115 Cunfetti,
7805 8914 179 61 scri-

6550 9023 169 46 anza
6773 9025 118 43 e...
6972 9009 147 60 alza
7180 9010 71 62 la
7260 9005 282 127 gamba,
7630 9029 43 46 o
7748 9012 236 65 Maria

6546 9096 217 88 Juvà!

6705 9374 100 7 0
7632 9298 265 68 Affissi

6545 9494 7 3 _
6639 9401 71 66 U
6741 9400 288 69 Partitu
7061 9400 686 85 socialista,sezione
7777 9415 200 79 Ana-

6520 9513 194 2 tole
6729 9502 308 84 France,
7112 9525 220 49 nome
7372 9514 419 64 cursissimu
7818 9517 105 61 !..:
7917 9498 48 95 ?

6548 9605 93 63 ha
6688 9612 295 77 cupartu
7020 9610 23 61 i
7079 9610 436 84 muraglioni
7562 9615 71 63 di
7701 9636 41 44 a
7807 9611 178 74 città

6547 9810 129 63 tati
6749 9810 79 63 in
6885 9812 74 62 lu
7033 9831 271 65 sangue
7378 9814 166 66 d'un
7616 9820 367 83 maghiale

6547 9913 214 79 polsu
6799 9921 125 73 par
6945 9912 308 66 Zirrinu.

6639 10029 284 83 Quellu
6960 10032 223 66 ch'un
7211 10037 384 80 travaglia
7646 10059 108 44 un
7803 10020 178 85 deve

6546 10131 281 83 magnà
6867 10134 286 64 dicianu
7190 10136 318 67 st'affissi
7556 10157 42 45 a
7633 10142 69 62 la
7737 10130 242 109 Blum.

6632 10234 253 81 Allòre
6946 10250 38 62 è
7037 10255 351 62 aceadutu
7459 10256 129 67 chi
7624 10277 143 43 una
7827 10250 158 74 cin-

6549 10353 341 79 quantina
6941 10354 73 63 di
7076 10359 333 61 renfiers
7453 10358 325 79 aiaccini,
7821 10379 161 64 spa-

6545 10455 287 73 vintati,
6865 10473 96 43 un
7013 10455 195 65 hanu
7232 10457 132 81 più
7389 10464 210 59 toccu
7654 10479 99 46 un
7809 10459 164 106 buc-

6549 10572 181 47 cone
6802 10556 195 82 dipòi
7062 10577 146 45 una
7236 10562 395 65 sittimana.

6633 10673 74 65 Si
6745 10673 509 84 st'addispirati
7293 10678 326 82 sfiatanu,
7677 10700 40 44 a
7756 10687 228 60 sezio-

6546 10793 95 46 ne
6686 10778 309 64 Anatole
7034 10777 306 69 Francia
7357 10801 91 44 ne
7517 10784 411 105 supurterà
7938 10804 43 45 e

6537 10879 516 102 cunsiguenze,

6634 10982 344 77 Avvisu
6898 10978 73 87 !

7476 11104 393 88 Laghione.
7877 11077 58 89 -

6588 11490 849 86 Aiacciu-Stamparia.
7351 11486 131 97 di
7493 11498 122 61 A.
7651 11495 291 64 Muovra

6552 11602 62 62 U
6651 11604 656 87 direttore-gerente
7337 11632 18 40 :
7398 11608 211 66 Petru
7644 11607 340 65 ROCCA.

6550 9708 291 64 d'affissi
6872 9712 184 62 rossi
7093 9714 187 78 rossi
7316 9714 114 64 chi
7458 9717 302 79 parianu
7797 9722 186 60 ciut-
8018 9784 11 7 .

8185 5616 68 47 0
