8794 12309
474 5412 34 17 P~

542 519 159 18 e

606 652 154 142 La
829 635 375 141 Revue
1280 623 364 221 KYRN
1679 625 156 139 0S

613 979 81 62 La
729 973 219 58 revue
997 965 202 47 corse
1257 945 86 59 de
1397 944 212 63 haute
1666 948 270 59 culture

530 1052 379 102 KYRNOS
971 1056 108 57 est
1115 1045 503 62 actuellement
1663 1042 38 64 à
1758 1044 177 65 l'im-

578 1170 290 75 ression.
937 1152 86 62 Le
1064 1146 200 80 léger
1300 1144 240 62 retard
1601 1144 156 62 subi
1815 1165 124 60 par

531 1302 71 46 sa
649 1254 429 103 publication
1142 1262 154 45 sera
1362 1243 386 89 compensé
1808 1264 127 60 par

529 1361 294 94 l'intérét
861 1347 307 93 profond
1221 1361 136 63 que
1414 1341 410 82 présentera
1869 1349 64 59 le

533 1465 303 104 premier
889 1447 291 73 numéro
1217 1446 87 58 de
1353 1461 78 42 ce
1476 1446 178 60 beau
1704 1444 233 80 pério-

534 1583 226 75 dique.
801 1562 196 66 Nous
1032 1561 333 72 pouvons
1404 1542 231 65 d'ores
1667 1558 70 50 et
1782 1545 156 80 déjà

533 1659 417 87 annoncer
896 1645 71 105 à
1000 1668 129 50 nos
1191 1649 306 60 lecteurs
1555 1644 172 80 qu'il
1776 1663 160 47 con-

528 1778 278 71 tiendra
815 1785 104 60 un
956 1752 235 71 article
1230 1748 88 61 de
1357 1762 84 45 20
1480 1764 219 63 pages
1733 1766 116 45 sur
1875 1751 64 60 la

535 1876 380 75 formation
946 1867 66 59 et
1035 1862 66 60 le
1130 1847 605 78 développement
1770 1851 86 59 de
1876 1853 63 59 la

535 1965 409 82 nationalité
982 1971 197 53 corse
1245 1965 124 64 par
1416 1947 100 63 M.
1579 1947 353 78 Graziani,

530 2095 135 47 une
695 2070 210 65 étude
935 2064 83 59 de
1069 2054 100 64 M.
1204 2050 72 64 L.
1326 2049 219 62 Villat
1590 2068 120 44 sur
1746 2049 194 63 l'îns-

531 2174 330 68 trnction
893 2156 366 86 publique
1314 2169 92 44 en
1458 2150 235 63 Corse
1733 2156 204 58 entre

532 2275 162 80 1768
729 2272 68 59 et
816 2263 202 81 1789,
1062 2276 93 44 un
1182 2252 181 67 récit
1386 2253 439 80 dramatique
1856 2253 85 63 de

533 2375 95 65 M.
666 2353 63 95 J.;
769 2368 111 62 B.'
902 2337 346 115 Marcaggi
1293 2372 121 75 sur
1447 2358 68 59 la
1558 2354 261 64 Tuerie
1858 2354 84 61 de

539 2470 392 80 Chidazzo,
980 2480 111 43 un
1128 2452 285 90 travail:
1439 2452 371 90 suggestif
1856 2458 85 59 de

534 2576 93 68 M.
667 2563 228 88 l'abbé
936 2560 294 82 Carlotti
1283 2576 121 43 sur
1438 2560 104 61 les
1581 2560 359 78 analogies
1930 2553 70 105 |

531 2681 191 60 entre
747 2665 131 67 les
942 2665 331 62 dialectes
1313 2678 200 46 corse
1570 2660 71 62 et
1674 2666 261 68 toscan,

529 2794 134 48 une
688 2772 205 62 belle
929 2768 204 60 lettre
1198 2761 291 78 inédite,
1535 2768 69 57 et
1668 2780 87 44 en
1807 2762 135 62 fac-

530 2879 249 82 similé,
849 2880 86 61 de
990 2874 316 84 Maurice
1344 2873 410 64 Barrès.sur
1809 2871 133 63 Na-

527 2975 307 99 poléon,
867 2975 177 80 :unè:
1083 2966 514 87 conversation
1655 2972 284 78 inédite

529 3094 84 63 de
679 3081 367 81 Napolèon
1098 3078 397 80 Bonaparte.
1594 3096 175 44 avec
1837 3079 103 59 les

527 3190 213 74 frères
770 3183 305 72 Bonelli,
1117 3178 39 64 à
1190 3178 288 64 l'armée
1519 3177 293 86 d'Italie,
1856 3179 86 62 de

524 3292 215 64 belles
815 3300 216 66 pages
1080 3283 112 80 de
1290 3282 388 76 Lucciardi,
1806 3288 135 66 etc:

525 3363 342 112 Ajoutons
932 3382 37 65 à
1000 3384 148 62 cela
1187 3386 125 60 des
1349 3387 245 61 lettres
1634 3381 307 66 inédites

496 3466 114 105 de.
682 3489 259 75 Paoli,
975 3488 145 61 des
1154 3489 354 62 bulletins
1605 3489 337 79 critiques

525 3591 650 86 particulièrement
1209 3588 492 66 documentés.

612 3693 189 65 Nous
862 3711 90 43 ne
987 3710 334 72 pouvons
1370 3691 490 92 qu'applaudir
1900 3690 35 63 à

523 3804 176 59 cette
752 3794 437 82 magnifique
1211 3783 466 100 entreprise,
1696 3785 78 72 et
1818 3813 118 43 en-

525 3915 344 65 courager
908 3895 98 65 M.
1054 3897 172 64 Paul
1267 3889 330 73 Graziani
1639 3899 121 79 qui
1794 3917 37 42 a
1860 3916 99 42 su

520 3991 303 94 grouper
849 4005 253 58 autour
1148 4001 89 61 de
1266 4000 101 62 lui
1408 3999 86 61 de
1532 3997 407 84 précieuses

523 4101 571 66 collaborations.
1128 4098 115 66 Un
1285 4101 198 62 souci
1524 4105 159 80 tout
1712 4101 229 61 scien-

519 4203 243 81 tifique
804 4197 360 86 présidera
1201 4201 38 63 à
1291 4205 66 60 la
1426 4199 370 65 rédaction
1854 4201 85 60 de

516 4311 185 58 cette
756 4323 225 46 revue
1039 4326 15 42 :
1104 4321 185 48 nous
1332 4321 311 64 croyons
1703 4302 240 62 savoir

525 4410 132 80 que
698 4402 70 68 le
808 4414 251 72 savant
1094 4413 72 57 et
1210 4409 271 61 illustre
1518 4399 426 87 professeur

525 4508 371 66 Clemente
974 4509 251 74 Merlo,
1313 4509 87 62 de
1471 4503 469 68 l'Université

520 4615 87 59 de
632 4611 187 86 Pise,
855 4631 38 42 a
922 4612 166 61 bien
1113 4614 218 60 voulu
1356 4610 174 63 faire
1559 4606 405 65 bénéficier

521 4715 87 59 de
645 4732 74 42 sa
764 4714 215 61 haute
1016 4711 488 80 compétence,
1549 4717 221 74 quant
1805 4706 36 66 à
1876 4712 64 60 la

522 4814 224 80 partie
775 4814 494 79 linguistique,
1312 4817 65 58 le
1426 4814 271 60 nouvel
1737 4828 205 63 orga-

521 4933 90 46 ne
646 4914 88 62 de
758 4912 507 84 l'intelligence
1307 4931 225 45 corse.

608 5014 101 66 Ce
782 5016 308 77 premier
1158 5012 331 63 fascicule
1548 5010 391 85 (avril-juiu

530 5116 182 85 1925)
751 5118 302 79 paraîtra
1090 5115 91 62 fin
1226 5114 204 62 avril.

798 5299 3 1 -
1094 5256 244 48 hr

565 5454 40 36 .
789 5375 547 92 Canzona
1406 5376 277 88 fatta

531 5529 179 142 da
631 5518 80 157 u
731 5533 258 131 pueta
1005 5527 485 136 Peppu,pei
1508 5522 434 110 Niulinchi

638 5700 6 5 |
971 5699 112 89 di
1154 5701 357 106 Parigi

603 5922 54 56 A
681 5917 215 60 salutu
921 5935 73 41 cu
1007 5911 304 76 rispettu

602 6015 53 55 A
673 6013 186 71 jente
885 6009 105 58 chi
1020 6010 111 72 quì
1160 6009 75 56 si
1251 6010 191 56 tròva

599 6127 36 39 e
661 6105 62 59 di
754 6107 195 57 cantà
978 6104 86 58 mi
1097 6112 327 65 per:nettu

612 6219 128 38 una
795 6207 390 55 canzonetta
1214 6197 173 55 nòva
1420 6214 17 35 :

600 6303 50 56 A
679 6320 194 38 musa
900 6319 38 37 e
964 6299 67 56 lu
1060 6299 136 56 miò
1226 6295 327 59 intellettu

602 6404 200 49 mette
831 6393 43 56 li
912 6390 221 73 vogliu
1165 6390 38 58 à
1234 6389 62 58 la
1331 6389 229 71 pròva.

601 6528 182 60 Simu
827 6528 115 73 quì
985 6526 253 75 parenti
1267 6545 38 37 e
1328 6524 192 57 amici

601 6623 163 60 uniti
804 6620 416 69 d’affezione,

609 6717 186 58 Corsi
827 6715 292 75 spapersi
1148 6715 69 57 in
1251 6712 263 82 Pariggi

601 6830 151 62 emu
774 6808 167 72 fattu
957 6805 330 78 l’unione.

573 6889 48 95 È
662 6924 125 52 per
816 6895 179 65 fabbi
1024 6902 139 60 ride
1190 6922 92 37 un
1317 6921 218 53 pocu,

599 6983 110 73 che
746 6996 63 85 bi
842 7006 195 49 cantu
1067 7008 99 46 ste
1221 7013 318 66 canzone.

604 7139 100 61 Da
748 7141 272 60 Corsica
1048 7144 74 55 sò
1177 7135 267 81 partutu

600 7236 276 57 elacatu
914 7235 192 73 aghia
1141 7234 222 68 Niòlu,

599 7348 35 39 a
656 7329 276 74 Pariggi.
948 7332 76 55 sò
1053 7329 235 59 binutu

599 7420 203 62 Cume
830 7423 265 60 un'ala
1147 7433 181 48 stesu
1355 7442 35 37 a
1423 7420 157 59 volu

600 7535 34 39 e
662 7519 110 71 quì
803 7517 202 74 aghiu
1036 7516 374 59 cunisciutu

598 7600 185 70 ch'un
815 7629 193 42 corsu
1040 7631 89 38 un
1159 7613 37 55 è
1225 7611 130 56 mai
1385 7610 169 58 sòlu.

600 7788 326 63 Guardate
984 7790 59 60 le
1072 7791 300 59 maritate

598 7886 176 58 unite
803 7906 40 37 a
871 7886 62 68 le
965 7877 364 77 damicelle,

592 7975 322 63 l'invernu
969 7977 193 60 cume
1188 7967 252 69 l'estate

594 8072 81 58 mi
707 8092 255 55 parenu
1000 8082 181 47 tante
1223 8070 188 59 stelle
1440 8091 18 47 ;

589 8162 171 70 hanu
791 8166 71 57 lu
883 8165 146 59 visu
1057 8164 65 58 di
1150 8162 133 60 fate

590 8267 117 72 ele
747 8265 170 79 mani
947 8284 167 41 ancu
1169 8265 115 78 più
1315 8265 188 82 belle.

582 8728 304 68 Fuglittinu
913 8735 56 51 di
994 8735 42 50 A
1066 8735 208 53 Muvra.
1305 8763 67 7 —
1398 8733 66 52 N'
1510 8733 31 52 4
1572 8734 55 51 di
1652 8748 41 37 u
1728 8734 214 52 12-4-28

535 8965 438 195 Una
1075 9029 862 163 scupata

761 9238 380 79 Gattivu
1215 9223 477 102 induvinu

614 9506 135 82 Quì
795 9521 76 62 vi
922 9526 320 60 ramentu
1327 9522 113 62 chi
1478 9519 60 64 zì
1586 9517 348 67 Ficatellu

543 9613 101 56 tra
692 9614 438 73 funziunariu
1172 9645 61 56 e,
1271 9643 206 47 come
1525 9642 38 43 a
1606 9621 119 81 più
1758 9639 174 65 gran

543 9716 171 61 Parte
761 9721 92 65 d'i
906 9721 446 83 funziunarii,
1438 9727 243 61 calava
1712 9724 221 61 l'aric-

543 9801 98 68 chi
668 9832 33 42 e
731 9822 54 61 si
816 9828 233 64 mittia
1085 9849 38 44 a
1146 9831 179 62 coda
1364 9829 218 79 inc...
1617 9824 316 83 quand'i-

582 9913 39 52 U
648 9929 345 62 annasava
1032 9950 87 44 un
1151 9932 300 85 chef,un
1489 9929 433 81 superiori...

614 10007 255 111 St'òmu
919 10031 70 62 di
1049 10036 273 61 talentu
1384 10052 40 44 e
1496 10032 71 63 di
1643 10031 278 73 duveri,

544 10116 179 75 Missi
757 10124 47 61 li
848 10146 78 45 so
989 10134 375 80 spicchieti
1424 10136 76 61 in
1561 10138 223 75 punta
1856 10133 68 61 di

546 10218 168 91 lasu,
756 10231 367 67 starnuteti
1158 10240 125 60 uni
1322 10234 215 84 pochi
1598 10235 67 62 di
1724 10234 197 74 volti,

544 10293 202 125 linteti
787 10343 95 48 un
920 10337 209 80 colpu
1168 10337 331 65 d’occhiu
1563 10336 75 60 in
1714 10333 212 83 ghiru

548 10414 69 51 "U
649 10431 36 44 à
718 10427 215 66 stessa
972 10425 152 75 aria
1153 10441 72 61 di
1265 10441 433 61 circustanza
1762 10435 164 65 ch'i-

589 10522 37 44 3
685 10522 297 74 piddava
1040 10558 123 60 par
1232 10542 239 84 ieghia
1519 10558 99 43 un
1668 10537 260 82 parle-

529 10609 200 174 Vani
753 10642 36 43 a
825 10637 279 72 qualchi
1137 10645 183 61 tintu
1381 10643 113 62 chi
1533 10643 60 61 si
1633 10640 294 63 n'anda-

734 10739 43 45 U
810 10739 270 63 mondu
1119 10744 70 63 di
1231 10746 312 63 culandi.

523 10830 248 162 ISPIRA
820 10844 81 144 I
944 10857 118 45 era
1098 10864 37 43 a
1166 10841 222 123 bucca
1445 10842 244 126 aparta
1714 10864 77 95 €
1852 10845 70 61 in

802 10949 158 62 IVa;
994 10959 93 45 un
1125 10964 58 45 si
1216 10955 216 57 sintia
1459 10967 93 51 un
1575 10966 212 45 anciu
1829 10948 13 60 !

582 11018 178 164 RA
789 11014 336 177 rincieti
1163 11051 185 77 puri,
1378 11049 199 77 chef,
1606 11039 176 82 dissi
1840 11050 92 60 al-

832 11150 298 53 imionu.

559 11204 291 182 lU
873 11233 268 166 Fgnale,
1197 11237 61 73 zi
1313 11251 342 64 Ficatellu
1726 11253 203 62 caleti

909 11332 112 91 essi
1033 11363 61 42 :

664 11426 36 44 «
1501 11452 14 18 ,
1628 11457 13 11 .

726 11416 463 117 Marrakech,
1235 11450 67 65 le
1316 11471 84 45 20
1424 11439 379 103 février...

2095 627 91 55 La
2218 627 265 63 Corsica
2534 635 83 60 ha
2650 660 168 52 pocu
2845 648 250 59 mondu

2100 742 111 39 ma
2241 728 96 55 c’è
2381 725 220 73 giente
2628 733 195 61 d’alta
2850 740 194 58 stima

2095 818 125 57 che
2272 819 49 55 si
2355 838 161 39 sanu
2549 834 155 49 tene
2747 828 65 57 in
2845 829 205 60 fondu

2096 929 36 37 e
2164 911 54 57 si
2243 931 159 39 sanu
2436 924 151 51 tene
2609 917 71 59 in
2711 921 191 67 cima,

2094 1005 388 68 guardandu
2512 1008 65 59 lu
2610 1014 313 58 suvenire

2106 1102 67 56 di
2206 1101 381 68 Napoleone
2614 1103 248 60 Prima.

2095 1279 55 54 A
2179 1288 171 47 tuttu
2407 1280 62 54 lu
2516 1279 251 56 mondu
2798 1280 186 70 piace

2095 1370 386 70 qu'ell'isola
2529 1369 373 71 parfumata

2097 1460 67 55 in
2192 1460 173 57 duve
2393 1462 51 55 si
2476 1461 171 70 gode
2673 1460 67 54 in
2773 1479 160 52 pace

2099 1573 139 37 una
2271 1552 126 78 vita
2422 1570 167 51 pocu
2611 1552 259 71 ingrata

2099 1664 37 37 a
2155 1643 299 57 l’ombra
2474 1643 65 55 di
2569 1644 61 56 la
2663 1642 250 58 furesta

2098 1736 111 56 dai
2239 1735 302 59 muvroni
2564 1735 266 58 abitata.

2100 1911 167 59 Viva
2300 1913 57 75 le
2387 1923 221 48 nostre
2666 1932 390 54 campagne,

2101 2005 157 56 viva
2286 2005 62 56 le
2375 2015 223 49 nostre
2627 2006 280 56 marine.

2109 2103 156 56 viva
2294 2100 60 57 le
2382 2108 228 48 nostre
2639 2107 370 65 muntagne

2102 2205 172 50 tutte
2300 2192 268 61 abbinte
2598 2189 203 59 d'aria
2829 2187 156 66 fine,

2101 2291 46 57 li
2182 2287 207 61 monti
2419 2305 127 40 cun
2578 2285 64 57 le
2684 2283 244 60 foreste

2102 2405 36 37 e
2160 2377 84 65 cu
2274 2383 247 72 l'acque
2564 2377 399 61 cristalline
2904 2371 60 88 !

2105 2563 276 72 Spulate
2407 2582 20 38 a
2442 2561 276 59 listessi
2745 2558 178 75 venti

2104 2657 295 74 deputati
2431 2676 35 39 e
2494 2655 291 59 senatori

2102 2751 128 58 che
2259 2751 62 58 la
2352 2749 269 59 Corsica
2650 2747 252 60 diventi

2101 2846 266 56 cum'un
2395 2843 308 74 giardinu
2724 2840 64 60 di
2809 2839 144 61 fiori

2108 2945 89 58 ha
2220 2940 267 61 soffertu
2515 2937 174 58 assai
2713 2934 313 63 tormenti

2109 3056 201 41 senza
2340 3034 127 58 mai
2497 3050 149 40 esse
2675 3052 40 36 a
2758 3027 259 60 l'onori.

2103 3227 222 74 Zenza
2374 3222 133 60 falli
2550 3241 37 39 e
2614 3225 202 56 zenza
2850 3219 297 72 ingannu

2102 3321 63 56 la
2195 3320 93 56 mi
2320 3318 215 74 vogliu
2558 3316 67 59 fà
2653 3314 210 68 finita,

2103 3434 38 38 a
2170 3411 151 60 tutti
2351 3412 147 58 dicu
2545 3411 133 58 bon
2710 3403 181 64 annu

2102 3528 38 37 e
2175 3508 63 58 bi
2272 3525 202 56 pregu
2503 3504 202 73 longa
2734 3501 155 65 vita,

2098 3600 237 59 l'annu
2363 3599 359 72 prossimu,
2744 3605 97 49 sta
2865 3592 167 61 festa

2100 3714 176 49 sara,
2307 3713 212 57 speru,
2555 3692 118 73 più
2703 3689 238 60 fiurità.

2403 3838 66 61 U
2505 3832 453 66 Cacciadore
2997 3827 83 65 di
3113 3824 247 67 Niòlu.

2666 4028 207 49 e

2418 4137 642 149 Conférence.

2228 4325 105 106 de
2378 4323 104 107 M,
2536 4321 293 107 Pierre
2874 4313 365 121 Bonardi

2051 4589 19 27 ;
2112 4584 354 64 Mercredi
2499 4583 170 73 soir,
2692 4585 207 82 notre
2921 4578 356 63 excellent
3308 4574 141 62 ami

2024 4689 252 61 )'ierre
2315 4684 303 64 Bonardi
2679 4701 37 42 a
2756 4679 259 77 donné,
3070 4696 138 44 aux
3249 4674 203 64 Veil-

2021 4788 154 63 lées
2202 4767 401 89 littéraires,
2637 4800 143 54 une
2807 4779 435 83 magnifique
3271 4794 181 45 con-

2024 4888 291 64 férence
2353 4880 124 69 sur
2522 4887 67 60 la
2627 4868 372 97 Stratégie
3050 4878 398 78 littéraire.

2024 4988 432 63 L'auditoire
2508 4986 87 62 de
2635 4984 220 63 choix
2891 4984 120 78 qui
3053 4981 171 63 était
3258 4998 195 44 venu

2021 5089 419 74 l'entendre,
2502 5085 416 80 Yapplaudit
2963 5083 490 63 chaleureuse-

2022 5196 227 57 ment.
2296 5191 65 59 À
2404 5188 268 62 l'heure
2747 5186 92 63 où
2892 5202 183 48 nous
3136 5182 315 67 mettons

2024 5307 172 47 sous
2236 5308 245 64 presse
2518 5291 50 76 il
2607 5294 112 56 est
2739 5293 161 76 trop
2925 5281 161 70 tard
3111 5283 181 86 pour
3329 5286 121 63 fai-

2010 5387 89 68 re
2138 5411 97 43 un
2279 5391 534 81 compte-rendu
2852 5409 94 69 un
2986 5407 138 62 peu
3167 5385 284 66 détaillé

2024 5488 90 67 de
2140 5499 189 63 cette
2356 5494 186 61 bélle
2582 5490 253 65 soirée.
2865 5490 200 63 Nous
3089 5498 67 75 ÿ
3175 5491 277 62 revien-

2023 5590 226 69 drons
2288 5596 170 61 dans
2452 5577 249 100 notre
2711 5577 373 100 prochain
3122 5586 324 68 numéro.

2696 5795 88 19 tn,

2725 5820 74 19 vv

1962 5977 204 161 [Un
2282 5895 203 254 Omu
2673 5980 117 141 di
2914 5979 537 168 Stomacu

2101 6333 340 62 Truvemu
2475 6337 103 80 in
2627 6326 134 67 lu
2707 6322 67 99 «
2794 6335 281 60 Journal
3130 6336 252 81 Officiel
3417 6362 31 31 »

2021 6429 69 58 di
2146 6450 42 38 u
2247 6430 415 74 22jnnaghiu
2730 6431 148 72 1925
2924 6451 41 36 u
3039 6422 300 68 discorsu
3380 6431 68 57 di

1985 6595 6 17 |
2021 6532 33 48 u
2122 6523 303 73 diputatu
2495 6525 333 70 alsazianu
2906 6523 317 72 Elsasser,
3321 6525 131 60 dis-

2021 6637 235 39 corsu
2212 6614 69 81 -
2297 6629 263 62 passatu
2618 6629 183 48 sottu
2867 6619 281 60 silenziu
3205 6619 82 58 da
3310 6639 138 40 una

2021 6723 273 61 stampa
2344 6712 262 59 schiava
2637 6733 110 38 ma
2805 6714 372 74 riproduttu
3232 6734 77 39 cu
3341 6733 110 39 cu-

2022 6807 213 57 menti
2290 6806 325 59 affettuosi
2670 6794 72 70 in
2796 6807 44 59 li
2863 6807 251 72 jurnali
3145 6808 301 60 stranieri

2021 6898 589 74 particularmente
2649 6921 41 38 u
2751 6901 208 78 Daily
3019 6901 352 82 Chronicle
3405 6922 42 38 u

1962 7080 4 5 |
2026 6993 309 73 Chicago
2399 6993 285 60 Tribune
2729 7015 38 39 e
2794 6994 82 59 da
2905 7017 43 59 u
2989 6996 345 60 Politiken
3353 7019 21 67 ;

2087 7107 91 52 M.
2206 7106 311 54 Eisasser
2551 7132 66 8 —
2649 7101 137 55 C'est
2838 7105 240 66 toujours
3122 7118 142 54 pour
3316 7104 126 63 moi,

2020 7192 303 61 messieurs,
2383 7207 71 33 un
2485 7190 135 66 sujet
2664 7188 384 53 d'étonnement
3076 7205 99 52 que
3221 7188 228 54 d'enten-

2019 7277 95 53 dre
2142 7276 218 53 s'élever
2392 7290 94 36 sur
2512 7289 81 37 ces
2648 7273 158 53 bancs
2831 7290 75 36 un
2975 7290 275 36 murmure
3277 7273 173 53 d'hor-

2019 7453 223 47 oraleur
2281 7444 250 54 semblent
2568 7448 193 65 porler
2807 7460 73 35 un
2924 7446 230 66 soupçon
3207 7444 60 53 de
3294 7438 157 60 doute

2017 7549 98 37 sur
2161 7531 53 53 la
2246 7530 332 71 profondeur
2650 7529 64 52 de
2774 7529 365 72 laconscience
3181 7531 270 68 française

2020 7617 65 54 de
2114 7617 248 53 l'Alsace.

2086 7704 67 51 Je
2188 7717 130 37 vous
2359 7701 44 53 le
2460 7700 275 66 demande,
2767 7702 297 61 messieurs,
3093 7706 180 48 est-ce
3293 7701 157 69 faire

2017 7787 202 53 insulle
2303 7792 33 47 à
2368 7805 71 35 un
2481 7803 136 54 pays
2688 7803 102 52 que
2857 7787 63 51 de
2975 7786 83 52 lui
3100 7790 180 64 préter
3348 7803 104 36 une

2017 7881 157 46 autre
2210 7872 423 69 personnalité...

2085 8008 91 53 M.
2220 8010 69 51 le
2346 8008 346 62 Président
2758 8010 87 51 du
2893 8008 296 55 Conseil.
3224 8039 53 7 —
3310 8008 141 69 Sup-

2007 8108 165 52 poser
2200 8109 104 51 que
2351 8091 219 53 l'Alsace
2621 8108 67 35 ne
2714 8092 106 52 soit
2876 8108 102 53 pas
3051 8093 273 68 française
3385 8084 66 61 de

2016 8180 147 49 cœur
2217 8182 54 47 et
2321 8176 181 63 d'âme,
2548 8179 127 49 c'est
2704 8176 57 53 la
2811 8179 171 51 croire
3059 8176 214 70 capable
3309 8170 64 60 de
3393 8192 58 39 se

2017 8262 183 70 renier
2267 8260 301 63 elle-même,
2613 8262 126 52 c'est
2787 8261 78 53 lui
2897 8262 147 69 faire
3098 8261 211 53 insulte.

2105 8735 142 63 Ma
2319 8735 253 64 cherre
2652 8751 325 46 merre...
3033 8721 407 96 suis...je...

2018 8838 247 91 SUIS...
3124 8919 4 2 |

2092 8926 138 77 Un
2280 8941 247 63 nivulu
2599 8955 186 47 neru
2839 8957 178 44 neru
3089 8940 52 60 li
3207 8956 237 63 cupar-

2020 9041 224 82 chjeti
2285 9043 240 62 subitu
2559 9059 37 43 a
2635 9043 213 72 vista,
2883 9044 21 58 i
2942 9038 318 79 badidòli
3325 9058 120 42 cu-

2017 9145 430 61 mincietinu
2467 9162 38 43 a
2524 9140 208 65 trimà
2766 9159 38 43 e
2834 9144 20 60 i
2880 9141 564 81 spicchietti,po-

2017 9263 90 43 cu
2144 9244 214 65 fermi
2387 9242 325 66 annant'a
2751 9262 95 43 un
2884 9261 181 44 nasu
3095 9261 39 43 a
3170 9244 275 88 caciap-

2017 9365 205 62 paru,
2287 9346 55 62 si
2407 9348 72 60 ni
2538 9345 494 63 sculiscietinu
3106 9344 79 60 in
3258 9348 184 58 tarra

2016 9449 507 79 sciappendusi
2549 9466 96 44 un
2669 9446 349 63 ucchiale.

2099 9588 88 7 —
2230 9549 374 80 Voyons...
2634 9565 355 63 voyons...
3026 9547 104 63 du
3179 9544 254 74 calme,

2014 9654 179 62 dissi
2232 9652 61 63 zì
2334 9652 337 63 Ficatellu
2709 9664 440 59 cummossu,
3219 9646 222 63 r1mit-

2010 9756 224 63 tendu
2329 9756 20 60 i
2391 9772 76 64 so
2495 9751 428 82 spicchietti;
2964 9767 358 58 voyons...
3366 9750 75 74 je

2015 9859 242 62 disais
2366 9857 272 63 donc...
2705 9854 175 75 hum
2923 9853 100 60 !....
3130 9850 304 64 hum'!...

2099 9956 238 67 Caleti
2372 9948 281 72 l'occhii
2698 9973 140 44 una
2894 9953 297 65 siconda
3244 9952 197 62 volta

2008 10081 39 44 e
2087 10067 110 58 sta
2235 10061 298 63 siconda
2567 10059 205 61 volta
2798 10057 197 62 lessi:

2090 10197 74 11 —
2196 10162 99 83 Je
2369 10164 234 60 suis...
2634 10162 88 78 je
2794 10160 242 60 suis...

2007 10258 304 85 enterré.
3396 10314 7 6 |

2091 10363 276 76 Allòra,
2394 10381 38 43 a
2457 10360 317 64 canneda
2811 10364 314 57 scussata
3154 10357 87 61 da
3276 10356 20 62 i
3328 10372 111 44 su-

2007 10470 276 83 gnuzzi,
2330 10465 285 65 dananzi
2657 10481 40 43 a
2730 10462 125 61 zia
2875 10452 412 73 Cudazzana
3325 10448 114 73 in-

2007 10571 352 82 pallidita,
2392 10566 302 66 tradussi
2728 10565 77 61 in
2836 10564 99 61 sti
2961 10563 292 63 termini
3323 10559 112 64 chi

2009 10674 305 62 divianu
2352 10680 154 52 essa
2545 10685 210 45 causa
2795 10666 68 61 di
2935 10668 323 58 tamantu
3297 10670 139 54 ràs-

2008 10795 96 61 pu
2150 10797 15 37 :

2091 10896 89 8 —
2209 10857 250 63 Di...ci
2516 10851 410 66 chi...chi...
2972 10868 327 45 sa...sa...
3334 10850 105 62 ria

2008 10965 519 62 mo...0...ortu
2588 10966 39 53 e
2691 10974 167 44 su...
2892 10958 356 59 sutarratu
3285 10970 146 42 e....

2012 11065 204 62 chì...

2094 11149 124 62 Zia
2258 11145 400 64 Cudazzana
2712 11162 98 43 un
2881 11142 318 81 aspitteti
3260 11139 175 62 tanti

2012 11249 495 65 schiarimenti
2546 11265 128 62 par
2700 11244 283 63 mettasi
3023 11242 225 79 l'ugni
3286 11259 37 42 a
3373 11240 64 61 la

2013 11352 226 62 faccia
2272 11369 38 40 e
2348 11349 270 63 lintassi
2650 11348 50 60 li
2740 11346 317 61 tricci...i
3090 11360 83 45 so
3203 11341 233 62 brioni

2014 11452 511 62 intrimurianu
2561 11444 246 81 dighià
2841 11447 73 58 lu
2950 11438 298 134 poghiu:

3104 10158 204 59 mori
3369 10159 73 56 ei

3486 5846 6 7 ‘
3525 5811 102 49 pas
3671 5794 187 69 laisser

2018 7379 130 36 rcur
2222 7361 201 68 chaque
2493 7359 108 69 fois
2663 7374 103 51 que
2809 7356 72 54 les
2922 7358 356 54 insinuations
3323 7358 128 53 d'un
3504 7387 1 3 |

3923 523 129 28 nn
4371 534 132 10 ————»

3585 653 85 50 M.
3700 654 416 55 Elssaser.
4046 649 59 86 —
4147 658 47 50 /l
4229 661 132 56 reste
4417 662 32 46 à
4500 663 177 52 savoir
4720 665 49 51 si
4803 682 138 49 pour

3521 749 55 34 se
3629 735 113 51 dire
3804 744 155 45 autre
4034 741 151 49 chose
4240 754 100 51 que
4392 742 239 63 français
4706 746 230 64 d'abord,

3528 815 217 53 l'Alsuce
3785 835 57 35 se
3889 823 258 50 renierait
4189 821 288 71 elle-méme
4506 828 310 67 (Tumullej.

3592 947 82 51 M.
3706 950 64 50 le
3804 951 346 53 Président
4195 954 89 49 du
4321 952 278 55 Conseil.
4632 989 66 7 —
4729 961 64 50 Ce
4847 978 96 49 que

3529 1045 119 35 vous
3691 1049 157 34 venez
3915 1035 64 50 de
4024 1036 115 49 dire
4184 1039 75 45 est
4319 1049 100 35 une
4485 1039 152 52 honte
4701 1059 142 49 pour

3529 1113 199 53 France
3772 1122 52 44 et
3856 1133 143 50 pour
4052 1117 222 51 l'Alsace
4307 1118 21 47 !

4895 1043 50 50 la

3595 1231 68 50 M.
3703 1232 80 49 de
3830 1235 63 49 la
3924 1233 409 65 Tulipays.--
4352 1232 165 53 Vous
4568 1242 217 49 n'avons
4845 1227 101 79 pas

3531 1310 177 52 chassé
3743 1320 116 45 tous
3906 1315 74 50 les
4035 1316 183 50 boches
4259 1312 62 49 de
4375 1315 246 55 France!

3598 1433 82 51 M.
3728 1437 414 53 Elsasser.
4081 1429 64 76 —
4184 1438 65 49 Je
4291 1437 115 64 fais
4434 1451 359 60 remarquer
4732 1441 50 74 à
4818 1453 127 45 celle

3533 1518 274 52 assemblée
3854 1537 100 50 que
3992 1523 51 50 si
4100 1536 93 36 son
4255 1518 142 51 désir
4459 1524 159 54 d'être
4692 1526 254 70 informée

3533 1595 88 53 des
3662 1599 176 55 choses
3890 1604 63 52 de
4017 1605 134 50 l'Est
4195 1606 77 62 est
4300 1601 230 67 sincère,
4586 1609 101 54 elle
4733 1628 52 35 se
4840 1612 107 51 doit

3537 1679 62 52 de
3644 1681 186 54 laisser
3873 1687 188 66 parler
4136 1701 71 35 un
4229 1684 253 67 ciloyen
4526 1694 251 52 mandaté
4844 1692 95 74 par

3540 1761 74 54 le$
3659 1766 268 54 habitants
3997 1769 122 51 d'un
4140 1768 356 67 déparlement
4555 1777 243 62 francais
4809 1794 140 50 pour

3541 1847 97 52 l'en
3675 1851 273 54 instruire.

3603 1966 84 51 M.
3740 1969 81 51 de
3849 1970 69 50 la
3942 1969 343 65 Tulipays.
4311 1997 68 8 —
4419 1970 128 54 Vous
4602 1991 124 35 avez

4797 1978 154 64 parlé

3538 2064 191 37 comme
3793 2068 77 33 un
3918 2051 296 68 allemand.
4810 2073 9 5 7

3604 2175 83 53 M.
3726 2176 322 53 Elsasser.
4075 2206 58 8 —
4158 2178 65 51 Je
4258 2177 209 54 m'élève
4494 2196 125 36 avec
4657 2186 150 63 force
4834 2199 115 36 con-

3539 2265 76 48 tre
3668 2261 46 51 le
3783 2261 229 69 procédé
4063 2261 192 53 de‘M.
4330 2263 63 53 de
4441 2263 52 53 la
4560 2266 267 72 Tnlipays.
4887 2267 63 55 Ce

3535 2348 129 50 n'est
3712 2363 103 52 pas
3884 2364 65 36 en
4020 2349 223 51 (raitanl
4284 2348 333 54 d'allemand
4688 2369 74 35 un
4814 2352 134 52 alsa-

3536 2432 112 51 cien
3712 2432 362 69 authentique,
4134 2434 291 62 Monsieur,
4447 2428 125 82 que
4620 2452 125 36 vous
4798 2437 46 51 le
4870 2440 79 66 fe-

3535 2533 87 37 rez
3665 2517 133 53 laire
3874 2517 132 63 Vous
4049 2519 91 67 n'y
4147 2519 457 67 réussirez-qu'en
4655 2523 294 50 reconnais-

3534 2607 117 48 sant
3724 2618 81 37 ses
3862 2601 209 53 liberlés
4122 2603 418 53 essentielles
4456 2597 95 80 au
4585 2604 197 67 peuple
4820 2607 131 66 qu'il

3534 2689 291 65 représente
3870 2688 89 50 îcì.
4119 2759 23 8 _

3599 2815 181 53 M.le
3830 2805 364 64 Président
4244 2818 89 53 du
4361 2815 288 56 Conseil.
4682 2818 59 34 —
4757 2816 64 52 Je
4888 2833 63 34 ne

3536 2902 269 51 reconnais
3856 2916 96 38 sur
3996 2900 57 59 le
4096 2903 267 78 lerriloire
4416 2901 60 52 de
4505 2901 54 51 la
4624 2898 327 70 République

3535 2988 158 66 qu'un
3755 2986 137 54 seul
3908 2986 213 69 peuple,
4180 2990 125 52 c'est
4342 2988 46 52 le
4409 2985 195 70 peuple
4621 2985 260 67 français.

3606 3121 84 54 M.
3721 3122 414 56 Elsasser.—
4161 3124 64 52 Je
4259 3097 204 95 félicite
4488 3121 76 52 M.
4590 3118 46 54 le
4674 3119 279 52 Président

3536 3206 73 52 du
3663 3205 207 71 Conseil
3913 3208 64 51 de
4020 3224 64 35 ne
4129 3209 177 66 point
4333 3204 147 55 avoir
4508 3206 268 66 prononcé
4825 3208 126 49 celle

3527 3288 184 69 parole
3765 3288 47 54 le
3864 3292 68 50 11
3977 3292 274 52 novembre
4298 3289 173 54 1918.

3602 3425 84 52 M.
3715 3425 67 51 le
3792 3424 363 53 Président
4178 3427 96 62 du
4306 3398 384 82 Conseil.
4616 3394 68 101 —
4725 3402 228 73 Veuillez

3535 3509 279 69 compléler
3866 3513 145 76 volre
4049 3513 220 66 pensée,
4279 3512 65 67 je
4395 3523 124 39 vous
4549 3509 144 70 prie.

3602 3645 67 52 M
3685 3643 346 54 Elsasser:.
4048 3674 67 7 —
4142 3636 395 62 Volontiers.
4450 3630 87 86 Si
4550 3659 127 38 vous
4707 3643 74 52 les
4807 3643 145 51 aviez

3528 3730 333 67 prononcées,
3900 3726 307 71 l'Alsace
4145 3722 68 81 y
4253 3734 89 49 eùt
4370 3728 150 54 senti
4580 3728 102 53 une
4723 3726 230 53 hostililé

3534 3818 51 47 et
3643 3829 100 37 une
3796 3811 356 68 provocalion
4177 3819 67 66 et
4261 3829 121 46 son
4439 3813 226 53 allilude

3536 3898 267 67 différente
3841 3897 65 52 de
3965 3911 86 37 ce
4083 3897 202 69 qu'elle.
4315 3915 53 49 a.
4383 3900 89 65 été
4547 3898 406 65 (Prôtestations

3533 3999 93 37 sur
3667 3982 50 52 la
3750 3980 256 78 majorité
4063 3980 106 62 des-
4203 3983 223 75 bancs)..

3601 4117 83 53 M.
3730 4109 325 61 Elsasser.
4085 4116 197 54 —J'ai
4331 4116 361 69 l'impression
4741 4115 210 68 pénible

3534 4218 97 50 que
3697 4207 130 47 cette
3880 4190 280 62 assemblée
4215 4201 215 66 se:fait
4468 4200 62 52 de
4606 4199 221 52 l'Alsace
4851 4215 102 36 une

3536 4286 168 69 image
3752 4286 268 69 déformée
4059 4301 122 52 par
4212 4284 87 59 la;
4335 4284 207 68 légende
4599 4290 50 46 et
4699 4285 97 67 qui
4864 4299 89 52 ga-

3532 4362 209 80 gnerait
3782 4376 33 47 à
3868 4369 108 54 élre
4041 4369 270 55 relouchée
4344 4385 72 37 au
4465 4374 202 49 contact
4693 4369 91 53 des
4838 4372 114 49 réa-

3536 4455 116 54 lités
3696 4456 392 70 impitoyables.
4129 4454 201 55 Croire
4390 4460 112 62 que
4578 4455 224 53 l'Alsace
4859 4456 90 50 n'a

3534 4542 62 51 de
3640 4529 339 81 patriotisme
4033 4544 123 68 qu'à
4233 4538 248 71 l'adresse
4522 4541 66 53 de
4641 4540 53 54 la
4752 4540 203 52 France

3532 4628 139 53 voilà
3737 4629 97 68 qui
3879 4633 78 47 est
3997 4628 80 51 lui
4153 4627 181 69 faire.
4338 4621 235 82 insulle,
4632 4627 326 70 messieurs
4908 4621 42 82 !

3537 4715 281 65 (Tumulle,
3871 4712 130 73 cris
4012 4711 299 80 prolongés)
4339 4698 40 90 _
4416 4774 35 9 a

3602 4851 84 53 M.
3723 4851 67 52 le
3815 4851 359 63 Président.
4193 4872 73 15 —
4288 4848 78 52 Je
4401 4863 71 36 ne
4523 4849 215 52 saurais
4769 4847 186 54 tolérer

3534 4952 97 51 que
3693 4936 254 80 l’orateur
3973 4937 272 73 continudl
4272 4948 111 37 :sur
4408 4949 56 37 ce
4521 4939 106 48 ton.
4669 4933 70 53 Si
4760 4934 45 51 le
4826 4949 129 52 peu-

3529 5021 92 67 ple
3668 5022 238 52 d'Alsace
3959 5009 347 92 l'entendait,-
4331 5010 86 81 il.
4431 5018 292 69 rougirait.

3604 5157 69 54 M
3691 5158 325 53 Elsasser.
4039 5174 66 21 —
4130 5150 72 59 Le
4217 5139 198 87 peuple
4443 5145 252 72 d'Alsace,
4726 5159 228 65 permet-

3539 5243 210 53 tez-moi
3787 5242 79 53 M.
3910 5242 47 53 le
3992 5241 283 54 Président
4301 5236 221 83 d'avoir
4572 5255 94 37 sur
4699 5255 83 38 ses
4818 5242 139 49 réac-

3536 5329 133 51 lions
3714 5323 394 57 sentimentales
4141 5327 92 51 des
4282 5326 242 68 opinions
4571 5324 127 69 plus
4751 5325 207 52 ancien-

4740 5510 64 36 on

3523 5498 61 66 je
3642 5496 249 54 voudrais
3934 5499 248 66 qu'avant
4234 5496 93 53 de:
4351 5495 313 62 m’insuller,
4879 5510 81 35 me

3535 5582 154 70 laisse
3753 5576 377 75 m'expliquer.

3598 5708 86 54 M.
3722 5708 686 53 Abraham-Kahn.—
4439 5708 149 52 Nous
4629 5724 66 34 ne
4727 5721 234 55 pouvons

3931 5793 229 52 insulter
4211 5793 81 51 la’
4319 5792 351 70 République.
4706 5791 255 69 (Applau-

3535 5879 349 67 dissements).

3597 6013 87 52 M.
3722 6014 323 53 Elsasser.
4074 6001 54 83 —
4162 5985 78 79 Je
4266 5989 210 92 déplore
4520 6014 160 52 d'être
4700 6011 174 69 obligé
4899 6011 62 52 de

3532 6097 114 52 dire
3690 6113 98 52 que
3826 6097 77 52 les
3921 6097 213 66 dépulés
4152 6094 403 83 proleslutaires
4584 6097 64 53 de
4681 6113 126 36 mon
4827 6112 134 54 pays

3531 6184 186 66 furent
3755 6198 72 34 au
3845 6181 284 65 îieichslag
4171 6175 237 57 viclimes
4452 6175 156 58 d'une
4642 6181 318 51 obstruchon

3470 6317 16 31 à
3533 6268 96 67 qui
3666 6283 65 37 ne
3772 6265 128 58 cède
3923 6281 81 41 en
4052 6264 203 76 rien
4186 6260 70 92 "à
4283 6264 170 56 Elle
4485 6265 113 67 qui
4630 6268 173 49 m'est
4822 6266 149 66 faile

3534 6351 88 62 ici,
3676 6367 105 51 par
3824 6348 95 52 son
3975 6342 498 79 aveuglement'et*
4506 6364 59 35 sa
4618 6348 249 52 violence.
4895 6349 64 51 Je

3533 6434 250 53 demande
3824 6437 35 47 à
3890 6450 55 36 ce
3999 6430 107 76 que
4118 6437 348 47 mavoiÿ:ne
4499 6434 132 49 soil
4642 6449 103 51 pas
4789 6435 168 66 élouf-

3529 6522 88 68 [ée
3628 6537 106 51 par
3762 6518 50 51 la
3841 6520 421 66 représentation
4279 6518 269 52 nationule
4570 6518 64 52 de
4656 6518 51 52 la
4729 6518 224 52 France.

3601 6659 85 53 M.
3714 6659 65 51 le
3824 6621 381 114 Président.
4224 6625 62 67 —
4304 6621 226 114 Parlez.
4589 6657 130 76 Vous
4760 6672 126 37 avez
4906 6656 52 52 la

3523 6734 207 83 parole.
4306 6735 49 69 ~I

3598 6906 87 55 M.
3721 6906 327 55 Elsasser.
4077 6936 66 9 —
4185 6907 66 51 Je
4299 6913 127 45 vous
4471 6908 269 61 remercie,
4799 6907 78 50 A.
4911 6904 46 52 le

3528 6992 295 53 Président.
3881 6993 326 60 Messieurs,
4216 6993 64 66 je
4338 7008 66 36 ne
4456 6993 112 51 Suis
4622 6998 164 62 qu'un
4823 7008 132 52 pay-

3529 7093 114 46 san,
3689 7079 58 67 je
3807 7093 69 36 ne
3915 7078 109 50 sais
4072 7076 355 69 parler-que.
4491 7076 60 52 de
4619 7093 55 35 ce
4729 7093 99 52 que
4896 7079 60 65 je

3530 7163 216 53 connais
3786 7168 50 46 et
3873 7164 64 67 je
3987 7162 289 67 m'appuie-
4323 7177 109 47 non
4453 7177 94 36 sur
4588 7161 91 53 des
4720 7162 225 69 dogmes,

3530 7251 139 50 mais
3724 7264 95 37 sur
3861 7246 91 53 des
4000 7247 155 68 faits.

3602 7334 260 61 L'Alsace,
3920 7333 302 67 Messieurs,
4279 7331 90 53 n'a
4405 7333 206 68 jamais
4655 7336 92 59 été
4771 7366 6 4 -
4801 7336 153 67 fran-

3531 7421 138 61 çaise
3726 7418 64 53 de
3853 7417 209 68 langue,
4099 7419 66 69 ni
4207 7407 62 62 de
4292 7411 285 83 mœurs,
4611 7418 62 75 ni
4723 7418 65 52 de
4850 7423 103 46 tra

3531 7505 216 53 ditions
3775 7503 63 53 de
3899 7502 338 54 civilisation.
4263 7492 204 84 (Rires,
4502 7502 159 54 éclais
4687 7502 65 53 de
4786 7505 164 64 voix).

3801 7579 436 78 Quaràante-cing
4254 7594 115 45 ans
4405 7587 370 71 d'occupation
4827 7588 127 54 alle-

3505 7669 229 69 ‘mande,
3797 7679 65 52 et
3901 7672 235 55 combien
4187 7663 183 71 active,
4437 7679 91 46 ont
4596 7677 187 50 exercé
4861 7689 94 37 sur

3532 7761 100 53 elle
3678 7761 103 52 des
3812 7760 287 67 influences
4178 7764 85 49 au
4299 7757 174 52 Moins
4508 7758 171 67 égales
4713 7762 36 50 à
4800 7758 153 65 celles

3477 7904 9 7 |
3532 7849 124 67 qu'y
3694 7847 210 52 avaient
3968 7846 145 67 fait.
4146 7831 270 82 pénétrer.
4458 7843 143 52 deux
4673 7843 183 54 siècles
4890 7842 63 54 de

3531 7934 156 66 règne
3721 7931 263 67 français.
4041 7929 164 54 Prise
4247 7932 148 49 entre
4451 7928 145 53 deux
4640 7931 179 65 efforts
4858 7930 97 67 qui

3510 8023 76 65 sè
3652 8015 458 54 contrebalancent
4156 8015 133 63 dans
4309 8013 142 63 leur
4479 8014 250 71 résultat,
4767 8012 185 55 l'Alsa-

3509 8116 95 47 ce,
3655 8100 301 61 Messieurs,
4013 8104 79 59 est
4135 8097 502 74 reslée.elle-méme.
4683 8097 122 72 Elle
4821 8101 133 50 n'est

3528 8184 64 52 ni
3631 8189 138 48 votre
3817 8199 143 54 puys
4022 8185 66 51 ni
4113 8184 174 75 celui,
4307 8173 100 83 des
4425 8176 234 81 boches,
4719 8183 102 53 elle
4876 8187 84 48 est

3533 8269 34 51 P
3569 8252 183 96 Alsace.
3950 8256 498 37 CN

3612 8747 84 31 —
3721 8734 42 61 O
3770 8732 203 77 fidò,
4015 8724 233 73 tisoru
4286 8685 130 114 di
4435 8681 380 129 -mamma...
4911 8744 41 46 O

3528 8843 170 64 fido!
3745 8891 71 12 …
4263 8886 126 44 Due

3616 8952 341 76 Simionu,
4016 8932 338 99 Mingann-
4404 8934 72 77 e
4486 8943 196 67 tutti
4729 8937 221 71 l'altri

3528 9072 221 44 eranu
3785 9053 298 61 sbuttati
4139 9071 35 40 a
4236 9054 264 78 piegna
4570 9067 39 42 e
4668 9048 281 63 miscia-

3525 9173 190 44 vanu
3742 9154 277 62 lacrimi
4077 9155 231 77 grossi
4343 9167 229 54 come
4631 9148 310 63 cantoni.

3610 9298 63 10 —
3710 9262 37 62 È
3785 9262 114 63 chi
3937 9261 298 62 l'arba...

3526 9381 83 45 so
3645 9364 264 71 tomba,
3955 9363 439 62 cuntinuava
4429 9360 62 64 zì
4522 9359 366 61 Ficatellu.

3612 9471 118 66 Un
3767 9473 74 61 ni
3879 9461 223 90 pudia
4136 9470 127 81 più
4282 9473 93 62 da
4404 9475 66 59 la
4508 9486 203 64 pena:
4750 9486 40 43 a
4830 9468 127 61 let-

3522 9580 151 55 tara
3722 9574 49 61 li
3825 9574 319 78 scappeti
4201 9574 88 60 da
4327 9575 46 61 i
4388 9570 227 66 mani.
4641 9566 316 64 Caccieti

3524 9674 217 63 allòra
3806 9674 90 60 da
3935 9691 44 42 u
4025 9671 222 64 fundu
4289 9674 211 62 d'una
4548 9669 411 62 bunitaccia

3525 9797 97 43 un
3642 9774 439 64 falsulittoni
4120 9773 535 87 frigidugulatu,
4680 9787 277 56 musca-

3520 9881 204 61 tentu
3781 9874 216 64 l'arba
4078 9876 306 72 tabaccà,
4461 9863 403 71 s'asciuveti
4932 9873 20 60 i

3524 9996 82 48 so
3636 9977 228 65 occhii
3904 9976 186 61 russi
4122 9994 38 42 e
4190 9973 397 89 ciumacosi
4613 9990 41 44 e
4701 9973 61 60 si
4787 9973 168 61 mis-

3524 10086 60 59 si
3623 10065 38 78 a
3697 10076 254 67 briunà
3987 10076 72 62 di
4061 10061 243 100 tutt'u
4325 10093 87 62 so
4453 10074 193 63 fiatu:

3611 10187 169 67 —O
3833 10185 218 82 nipò!
4088 10185 115 63 Oh
4247 10187 13 58 !
4287 10185 261 65 tendre
4571 10187 375 77 jeunesse,

3503 10289 329 88 fauchée
3869 10306 282 43 comme
4181 10285 170 82 l'épi
4373 10286 188 61 dans
4594 10302 88 45 sa
4706 10284 246 81 splen-

3527 10390 365 78 Jdeur!oh!
3935 10389 126 62 oh!
4398 10393 32 33 È

3592 10479 130 100 Stu
3751 10489 370 86 Filiciòlu,
4192 10494 375 68 dicendula
4647 10502 108 57 tra
4825 10514 118 58 no,

3523 10626 96 51 un
3659 10624 114 45 era
3808 10609 200 60 tantu
4049 10604 143 62 bon
4224 10596 420 82 sughiettu,'
4681 10605 268 74 quantu

3521 10709 183 63 volti
3743 10707 160 61 avia
3974 10707 297 78 piattatu
4310 10698 38 63 à
4415 10694 331 85 Carriòla,
4794 10720 41 45 O
4910 10720 39 41 a

3522 10827 234 65 vanga
3776 10809 69 61 di
3884 10806 64 62 zì
3970 10806 337 63 Ficatèllu
4370 10803 288 93 quandu
4701 10805 244 79 quistu

3523 10915 60 62 si
3624 10911 310 82 piddava
3954 10927 95 42 un
4090 10905 338 82 penciulu
4459 10901 281 67 acant'u
4772 10913 172 59 stra-

3524 11017 217 73 donu,
3782 11031 44 46 o
3866 11011 114 62 chi
4022 11006 370 66 inciuffatu
4433 11020 86 44 cu
4556 11024 37 42 a
4626 11025 82 46 so
4736 11027 213 45 musa

3524 11116 417 81 capriciosa,
3967 11106 422 86 ghiustrava
4418 11123 38 43 a
4492 11126 46 43 u
4566 11111 166 76 pedi
4774 11110 169 62 d'un

3523 11216 420 65 macchionu
4009 11232 128 60 par
4209 11210 360 75 strappalli
4659 11209 280 79 qualchi

3524 11323 286 56 sunettu
3838 11317 12 58 !
3874 11313 63 61 zì
3959 11313 341 62 Ficatellu
4347 11309 58 59 si
4427 11310 74 58 ni
4542 11311 398 61 ramintava

3521 11437 120 43 ma
3715 11418 48 60 li
3836 11416 412 79 pardunava
4324 11408 341 62 vulinteri
4735 11427 41 41 a
4855 11425 86 43 su

4745 3816 89 48 eut
4878 3813 76 50 élé
4978 3826 8 5 :

5008 4614 153 54 donc
5203 4617 162 67 qu'ils
5404 4632 64 38 en
5501 4622 91 48 ont
5649 4633 157 53 peur.
5847 4618 135 54 C'est
6013 4619 136 52 donc
6174 4620 156 68 qu'ils
6362 4625 91 48 ont

3524 5421 99 44 nes
3664 5418 49 47 el
3759 5412 128 68 plus
3931 5407 490 71 documenlées
4303 5398 124 87 que
4467 5402 84 61 les
4586 5414 187 49 vôtres.
4817 5410 170 51 Mais.

4960 5583 30 10 |
5037 5520 237 50 sez-moi
5319 5514 164 69 poser
5520 5535 111 37 une
5698 5523 154 50 seule
5907 5526 285 61 question,
6251 5522 53 51 la
6342 5522 118 51 voi-

4279 9264 181 61 saria
4490 9264 163 58 nata
4713 9254 235 65 subr'a
4980 9263 11 59 |

5348 530 57 28 razze,
6253 539 39 10 otta

5883 538 169 15 —=—
6045 534 10 27 >

5085 667 87 51 M.
5202 669 68 52 le
5288 670 336 52 Présitent
5652 671 86 50 du
5771 669 289 55 Conseil.
6093 701 67 8 —
6192 671 129 52 Vous
6342 674 104 49 éles

5022 749 44 49 le
5117 750 118 52 seul
5287 753 205 52 homme
5580 754 134 51 dans
5778 771 94 35 nos
5924 755 387 67 départements
6352 771 93 36 re-

5020 836 225 57 coucrés,
5309 839 32 45 à
5371 835 185 67 parler
5608 836 64 52 de
5739 837 49 51 la
5830 843 157 46 sorte.

5084 964 86 50 M.
5203 965 325 55 Elsasser.
5560 997 42 9 --
5622 969 150 51 Jiles
5818 971 177 66 plulôt
6041 989 100 49 que
6163 973 60 66 je
6257 972 111 50 suis
6398 971 46 51 le

5013 1045 252 73 premicr.
6481 1085 5 67 |

5086 1171 87 52 M.
5207 1174 84 50 de
5338 1175 71 50 la
5454 1171 320 72 Tulipays
5810 1206 104 23 --...
5950 1179 47 51 le
6017 1181 239 65 premier
6289 1183 32 47 à
6373 1179 74 51 les
6481 1159 6 21 |

5024 1255 172 49 trahir
5219 1258 23 48 !

5087 1369 87 52 M.
5205 1370 324 55 Elsasser.
5558 1404 42 9 --
5639 1376 129 52 Dire
5822 1395 99 50 que
5971 1379 52 50 la
6061 1380 293 51 conscience
6382 1380 63 50 de

5023 1452 223 52 PAlsace
5274 1461 78 45 est
5379 1458 409 54 exclusivement
5807 1463 291 65 française,
6152 1467 120 47 c'est
6315 1463 132 51 donc

5021 1526 134 52 aller
5206 1532 34 46 à
5305 1530 278 56 l'encontre
5607 1536 63 51 de
5703 1553 56 34 ce
5803 1538 95 66 qui
5932 1546 92 52 est,
6098 1541 124 48 c'est
6244 1540 200 50 ensuite

5016 1613 178 62 préler
5221 1629 104 35 une
5345 1616 115 52 âme
5497 1618 61 51 de
5587 1621 264 50 comédien
5881 1624 31 47 à
5949 1638 74 35 un
6061 1621 195 69 peuple
6305 1622 141 67 loyal

5023 1697 49 47 el
5107 1694 304 55 honorable.

5087 1811 72 51 M
5191 1789 601 92 Abraham-Kahn.
5821 1851 41 10 --
5880 1795 76 80 La
5983 1825 206 51 France
6218 1821 224 54 n'est-el-

5027 1900 43 49 le
5106 1900 135 54 donc
5278 1913 103 53 pas
5419 1908 140 47 volre
5605 1906 180 65 patrie
5812 1905 32 49 ?

5093 2018 416 54 M.Elsasser.
5533 2049 41 10 --
5613 2007 75 65 Le
5716 2038 139 52 pays
5897 2023 65 52 de
6011 2040 113 36 mes
6157 2027 156 65 pères
6366 2030 80 46 est

5026 2098 239 54 l'Alsace.
5332 2101 77 51 Ils
5450 2103 370 67 s'appellaient
5854 2106 410 66 Zimmermann,
6287 2108 157 52 Sche-

5025 2197 149 46 weer,
5217 2184 152 62 Heiz,
5428 2185 424 71 Wimpjfkopfer.
5921 2189 49 52 Y
6006 2207 64 34 en
6116 2190 146 51 a-t-il
6291 2191 152 52 beau-

5025 2281 130 53 coup
5210 2283 65 37 en
5336 2268 202 55 France
5564 2270 32 51 ?

5090 2393 141 55 Ùne
5271 2398 242 51 voix.--
5550 2397 137 54 C'est
5733 2417 102 36 une
5875 2402 263 69 gageure!

5091 2520 85 52 M.
5204 2520 322 56 Elsasser.
5550 2554 40 10 --
5619 2527 65 50 Je
5728 2526 249 54 voudrais
6042 2545 101 52 que
6201 2534 127 49 celle
6363 2545 81 36 as-

5025 2605 219 53 semblée
5298 2622 137 37 cesse
5496 2608 63 54 de
5597 2626 56 35 se
5698 2627 351 52 cramponner
6090 2613 356 67 aveuglément

5027 2691 32 48 à
5108 2688 90 53 des
5233 2689 213 69 dogmes
5492 2698 51 47 et
5596 2697 34 49 à
5686 2694 91 52 des
5837 2697 350 68 mysticismes
6231 2714 98 50 que
6372 2695 90 53 les

5027 2772 208 54 réulilés
5289 2775 276 69 défoncent
5630 2782 51 48 et
5738 2777 333 69 pulvérisent
6121 2795 195 36 comme
6372 2797 87 38 un

5028 2856 159 52 bélier
5245 2860 113 64 fait
5384 2859 153 54 d’une
5564 2867 174 61 porle.
5783 2862 58 73 Il
5875 2865 129 65 faut
6057 2864 244 51 craindre
6345 2880 99 51 que

5028 2938 71 54 les
5138 2941 214 54 réalités
5405 2960 75 35 un
5517 2946 135 66 jour
5695 2963 67 36 ne
5780 2952 265 63 prennent
6117 2947 116 53 leur
6266 2964 179 35 revan-

5027 3025 106 51 che.
5199 3026 68 52 Ce
5304 3044 99 50 que
5428 3030 115 66 j'en
5612 3031 84 51 dis
5730 3037 76 45 est
5858 3032 133 52 dans
6043 3032 229 53 l'intérêt
6314 3031 131 52 dela

5026 3109 201 53 France
5301 3128 99 50 que
5444 3115 60 66 je
5540 3120 230 61 respecte
5814 3120 52 46 el
5895 3116 210 67 j'aime.

5090 3227 87 53 M.
5204 3228 512 72 Dobson-Lévy.
5740 3262 56 10 --
5828 3232 81 54 On
5940 3250 67 37 ne
6037 3235 46 52 le
6121 3235 166 52 dirait
6312 3238 139 65 pas!

5090 3311 87 53 M.
5216 3313 392 55 Elsasser.--
5653 3318 65 51 Je
5770 3317 95 54 l'ai
5905 3323 205 63 prouvé
6136 3336 63 36 en
6258 3335 187 54 appre-

5024 3402 129 47 nant
5195 3398 62 51 sa
5293 3398 206 69 langue.
5540 3401 64 51 Je
5671 3393 263 79 voudrais,
6013 3404 298 62 messieurs,
6345 3420 100 53 que

5028 3480 100 54 lon
5155 3489 264 60 permette
5469 3501 74 55 au
5614 3486 175 72 moins
5848 3491 34 48 à
5936 3486 223 54 l'Alsace
6214 3489 230 68 d'expri-

5024 3581 112 38 mer
5177 3582 62 36 sa
5288 3572 191 63 pensée
5526 3585 125 36 sans
5691 3575 106 48 élre
5846 3571 217 70 obligée,
6096 3588 142 56 pour
6280 3588 166 52 parer

5026 3646 53 55 la
5132 3666 215 38 menace
5390 3645 563 63 d'excommunication
6033 3643 285 77 nationale,
6382 3657 63 52 de

5028 3734 52 53 la
5139 3736 263 69 déguiser
5470 3739 427 69 hypocritement.

5090 3836 87 53 M.
5215 3839 68 50 le
5323 3839 343 54 Président
5708 3842 91 70 du
5828 3841 290 54 Conseil.
6142 3873 42 7 --
6236 3842 209 53 Z'Alsa-

5026 3937 55 35 ce
5124 3926 79 47 esl
5235 3923 293 67 francaise.
5588 3925 122 53 Elle
5779 3931 77 47 est
5916 3927 280 52 au-dessus
6239 3927 61 52 de
6359 3943 87 37 vos

5027 4005 299 53 calomnies.
5360 4008 286 65 (Tonnerre
5709 4010 581 68 d'applaudissements,
6366 4010 81 52 Vi-

5025 4080 141 62 vates
5228 4090 324 69 prolongés).

5093 4190 85 51 M.
5218 4191 324 53 Elsasser.
5566 4223 43 7 --
5632 4193 66 53 Ce
5717 4188 213 74 pénible
5947 4185 172 72 débat,
6145 4197 298 60 messieurs,

5028 4290 132 35 aura
5206 4292 68 35 eu
5303 4292 72 35 au
5408 4278 174 50 moins
5635 4278 222 68 quelque
5904 4279 152 61 chose
6135 4279 200 52 d'ulile.
6384 4279 64 52 Je

5027 4360 110 50 suis
5211 4359 345 67 Maintenani
5590 4363 274 72 renseigné
5907 4378 97 37 sur
6052 4371 79 63 un
6169 4365 196 69 point
6318 4355 42 84 :
6393 4380 56 35 ce

5034 4444 423 64 Gouvernement,
5516 4452 131 48 celle
5696 4446 271 74 Chambre,
6020 4465 54 36 ce
6087 4464 136 54 pays
6227 4440 84 84 ne
6311 4440 133 84 veu-

5032 4528 105 53 lent
5173 4546 105 52 pas
5319 4532 175 50 savoir
5543 4531 53 54 la
5656 4532 164 52 vérité
5871 4549 93 37 sur
6019 4534 242 52 l'Alsace.
6317 4534 135 53 C'est

5023 4717 137 52 peur
5200 4702 65 52 de
5318 4707 130 48 celle
5500 4705 164 51 vérité
5700 4704 158 67 qu'ils
5917 4708 180 48 rêvent
6158 4706 62 52 de
6273 4722 179 55 recou-

5030 4802 116 36 vrer
5201 4786 258 68 d'aspecls
5538 4792 297 64 trompeurs
5895 4790 128 51 chez
6075 4805 135 38 nous
6258 4806 195 38 comme

5033 4870 66 59 ils
5132 4874 124 65 font
5274 4871 266 53 ailleurs
5489 4866 54 79 !

5095 4972 88 68 M,
5251 4973 396 54 Trémintin.
5669 5006 65 7 —
5764 4975 60 55 Si
5882 4982 133 49 c'est
6058 4993 115 39 une
6219 4979 237 52 allusion

5032 5061 32 48 à
5106 5060 82 50 .la
5240 5062 288 64 Bretagne,
5586 5062 58 65 je
5698 5066 242 61 proteste
6018 5066 69 51 de
6134 5068 124 48 tout
6327 5078 129 40 mon

5033 5157 151 39 coeur
5221 5147 72 50 de
5337 5146 272 61 francais!

5100 5244 88 55 M.
5233 5246 353 61 Balanant.
5632 5277 69 7 —
5738 5249 141 52 Vive
5929 5251 55 49 la
6055 5250 344 66 République
6439 5250 13 65 !

5035 5331 152 77 (Très
5251 5333 130 51 bien
5421 5346 94 64 sur
5560 5338 126 48 tous
5737 5336 82 50 les
5856 5336 258 75 bancs),

5098 5432 86 52 M.
5223 5433 412 53 Elsasser.
5561 5414 60 89 —
5665 5436 103 51 J'ai
5788 5436 120 63 fini,
5957 5420 318 75 Messieurs,
6311 5437 149 52 Lais-

5036 5603 89 52 ci
5096 5599 39 77 :
5165 5621 25 30 «
5221 5605 73 51 Le
5333 5605 148 50 culte
5511 5605 70 51 de
5614 5606 55 49 la
5706 5606 178 64 patrie
5937 5610 57 48 et
6032 5607 69 51 de
6136 5599 161 77 l'Etat
6313 5599 144 77 fran-

5036 5688 107 60 çais
5188 5692 87 48 est
5325 5690 271 62 peut-être
5659 5704 111 38 une
5821 5691 239 65 religion
6116 5705 99 37 sur
6264 5691 53 51 le
6349 5693 113 57 ter-

5036 5772 187 53 ritoire
5277 5776 70 48 de
5378 5774 55 49 la
5478 5762 361 78 République.
5889 5776 152 65 Vous
6100 5789 68 38 en
6212 5765 115 62 êtes
6376 5777 86 49 les

5036 5856 227 65 prêtres.
5313 5856 134 61 Soit,
5522 5860 156 62 Mais,
5734 5855 247 70 puisque
6020 5873 145 40 vous
6198 5861 263 52 n’admet-

5036 5945 81 47 tez
5152 5956 99 51 pas
5308 5944 203 61 qu’une
5572 5944 175 64 église
5811 5947 217 62 impose
6060 5959 62 38 sa
6174 5945 77 51 foi
6289 5947 31 48 à
6351 5958 104 39 vos

5036 6027 368 65 concitoyens,
5478 6028 271 64 pourquoi
5808 6028 407 65 vous-mêmes,
6272 6034 55 46 et
6387 6045 69 37 au

5036 6123 123 37 nom
5205 6112 70 50 de
5319 6112 129 62 quel
5518 6111 155 61 Dieu,
5737 6113 364 51 voulez-vous
6149 6128 140 37 nous
6353 6119 106 45 im-

5034 6207 159 52 poser
5235 6196 57 51 la
5330 6193 196 54 vôtre?
5549 6214 26 30 »
5599 6196 96 65 (La
5736 6194 273 55 Chambre
6077 6198 309 68 s’écroule).

5555 6297 18 5 u
6375 6288 97 9 ——

5021 6306 90 6 -—a
5222 6301 143 9 _———_~
5397 6304 10 4 -..
5444 6302 28 6 —
5598 6302 5 1 -

5585 6375 23 44 —_—
5626 6375 154 44 PP
5860 6375 265 44 —P—e—r—.

5325 6521 175 144 P.
5615 6520 225 228 C.
5938 6522 231 145 A.

5178 6946 70 77 U
5294 6945 367 77 Partitu
5720 6947 274 76 Corsu
6040 6949 416 101 d'Azione

5030 7063 108 75 ha
5178 7065 276 75 dicisu
5495 7065 86 75 di
5622 7066 356 102 depone,
6012 7094 60 48 u
6108 7092 35 75 5
6191 7068 260 103 aprile

5032 7183 135 75 chi
5207 7208 245 69 vene,
5501 7211 177 47 una
5731 7186 287 101 palma
6071 7184 269 78 nantu
6405 7212 46 49 a

5030 7303 285 100 tomba
5356 7302 80 76 di
5513 7329 58 49 u
5645 7302 293 76 Babbu
5975 7304 100 75 di
6138 7305 75 73 A
6279 7304 169 77 Pa-

5036 7422 202 74 Îria.

5180 7559 79 74 À
5329 7558 320 76 Muvra
5720 7563 43 71 è
5838 7560 456 76 incaricata
6365 7559 85 76 di

5029 7678 321 74 ricute
5305 7671 69 102 i
5390 7675 239 94 fondi
5669 7679 491 75 necessarii.

5063 7834 10 10 '
5128 7813 277 75 Avisu
5439 7838 45 48 a
5526 7813 342 75 l'amici.

5123 7948 80 74 À
5249 7948 641 76 sottuscrizione
5912 7952 193 71 sarà
6150 7947 296 99 chiusa

5030 8093 64 54 u
5130 8090 32 76 5
5210 8054 295 114 aprile.

5600 8236 90 76 U
5715 8236 543 76 sicritariu..

5032 8742 481 64 sganzurronu
5553 8722 203 66 avale
5797 8724 331 66 ch'id'era
6149 8733 232 58 mortu
6415 8747 37 43 e

5030 8832 401 57 sutterratu.

5111 8938 65 61 À
5218 8954 163 44 casa
5415 8935 77 63 fù
5524 8944 249 72 prestu
5812 8941 210 78 piena
6053 8976 86 7 —
6174 8938 195 65 Tutti
6399 8942 49 61 li

5025 9038 306 63 lazaroni
5364 9036 113 62 chi
5502 9039 57 61 si
5590 9033 319 87 gudianu
5938 9059 38 44 a
6015 9042 291 79 spiriata
6335 9040 117 64 d'u

5026 9143 148 60 sole
5213 9160 38 42 a
5288 9146 71 59 la
5386 9148 328 71 quatrera.
5789 9142 89 60 d'i
5924 9141 320 75 Buccini,
6286 9145 162 87 tutti

5023 9232 58 72 li
5114 9245 402 62 ciamarruli
5556 9246 72 60 in
5661 9261 204 45 cerca
5904 9245 69 59 di
6005 9242 294 65 sfunàla
6370 9262 78 46 so

5034 9345 241 81 lingua
5304 9364 218 46 eranu
5550 9347 194 62 tratti
5776 9365 41 43 a
5840 9349 72 59 lu
5938 9348 236 80 primu
6201 9347 243 62 stridu.

5121 9455 308 78 Quattru
5469 9442 291 78 donni
5700 9438 70 103 a
5800 9438 210 103 pulsu
6031 9438 228 103 fermu
6324 9456 124 61 s'e-

5033 9569 173 51 ranu
5243 9561 293 79 lampati
5577 9578 38 42 a
5661 9565 168 55 tena
5879 9557 418 65 l'adulurata
6345 9561 105 61 zia

5035 9660 404 75 cudazzana,
5460 9679 38 44 a
5526 9660 114 63 chi
5672 9679 89 61 pa
5785 9660 50 61 li
5856 9662 189 78 pedi,
6068 9679 45 59 a
6133 9660 110 63 chi
6278 9679 87 61 pa
6398 9661 50 61 li

5032 9761 255 63 bracci.
5317 9749 273 76 Pinseti
5632 9780 38 43 a
5710 9780 184 62 pena
5934 9761 209 64 d'una
6170 9764 280 61 veduva

5033 9860 110 66 chi
5181 9864 206 80 perdi
5416 9866 70 59 lu
5527 9880 80 46 so
5647 9861 222 66 fidôlu
5908 9864 181 76 sôlu,
6167 9882 282 63 speran-

5027 9969 74 55 za
5141 9983 37 40 e
5207 9971 345 74 sustegnu
5592 9965 69 62 di
5709 9984 38 43 a
5776 9983 84 46 so
5905 9965 376 63 vicchiaia.
6311 9965 138 64 Va-

5032 10066 206 62 danta
5270 10067 165 62 da
5375 10054 66 97 u
5460 10058 339 89 narbosu,
5835 10073 104 56 sta
5985 10068 184 61 tinta
6233 10084 215 45 mam-

5029 10186 113 43 ma
5179 10168 59 60 si
5279 10152 370 77 diminava
5676 10159 102 70 cu
5848 10150 207 91 furia,
6090 10167 223 62 fendu
6375 10171 73 59 lu

5030 10266 344 62 stradda
5303 10262 76 90 e
5410 10267 459 81 l'agrunchia;
5913 10269 59 60 si
6048 10269 257 61 sbattia
6374 10270 76 60 in

5026 10355 156 75 tutti
5231 10370 51 61 li
5316 10369 193 61 sensi
5554 10387 39 42 e
5660 10367 195 64 facia
5911 10367 394 66 inzucchità
6376 10371 69 62 di

5027 10473 325 78 capaccia
5379 10472 87 61 sti
5497 10468 458 67 dunnacciòli
5986 10471 114 62 chi
6140 10489 39 43 a
6218 10473 230 63 sicris-

5025 10578 283 71 tavanu,
5365 10580 279 56 mentre
5709 10572 114 63 chi
5899 10573 350 80 Minganu
6325 10572 123 82 più

5027 10680 232 57 astutu
5301 10677 60 60 si
5395 10677 71 61 ni
5499 10682 204 76 stava
5728 10678 295 60 luntanu
6047 10695 39 42 e
6113 10675 329 81 gridava:

5105 10820 82 53 —
5217 10783 362 82 Lintetila,
5627 10802 43 48 o
5745 10786 258 62 donni!
6049 10803 92 43 un
6216 10785 74 60 vi
6324 10784 119 65 feti

5025 10884 195 66 sbulà
5259 10888 21 60 i
5326 10874 342 93 cilagni...
5730 10889 307 62 lintetila
6079 10890 61 59 si
6179 10903 96 45 vo
6348 10889 94 60 mi

5019 10991 223 61 vuleti
5274 10971 241 92 senta,
5533 10984 333 67 lachetila
5901 10989 198 63 sfucà
6130 10990 18 59 !
6142 10967 52 101 !

5103 11096 209 64 Salva
5342 11097 115 64 chi
5485 11098 398 76 zampitteri
5923 11099 14 57 !
6012 11099 177 61 certi
6242 11099 198 62 stridi

5022 11199 72 59 vi
5133 11196 342 63 livavanu
5501 11197 257 62 sdrisci
5788 11198 69 59 di
5900 11200 183 58 carri
6118 11200 15 56 !

5098 11304 117 62 Zia
5253 11303 214 64 Sacra
5526 11304 136 75 chi,
5709 11306 215 77 pianu
5970 11305 245 79 pianu,
6265 11308 58 60 si
6363 11308 75 60 ni

5015 11404 195 61 vinia
5262 11406 92 61 da
5422 11409 68 58 la
5528 11405 302 62 funtana
5882 11403 77 63 fù
6024 11406 417 71 misciata;u

6066 11516 15 8 -

5412 11599 20 14 <

6528 676 436 177 Filippo
7035 674 676 140 Buonarolti

6857 938 64 95 e
6993 892 565 174 Pasquale
7627 888 329 142 Paoli

6608 1263 93 62 La
6759 1265 150 61 vita
6982 1262 70 60 di
7126 1260 283 81 Filippo
7499 1261 451 79 Buonarotti,

6526 1363 466 63 discendente
7030 1363 115 60 del
7216 1364 268 80 grande
7553 1362 404 66 Michelan-

6523 1466 187 78 gelo,
6753 1466 141 80 può
6936 1469 169 61 dirsi
7160 1486 94 44 un
7293 1485 331 46 romanzo
7659 1487 15 55 ;
7746 1470 70 61 ci
7870 1469 86 62 li-

6524 1566 376 64 miteremo
6930 1568 309 79 peraltro
7286 1588 40 43 a
7375 1570 370 61 rievocare
7792 1572 162 60 solo

6526 1663 229 79 quella
6803 1675 199 70 parte
7040 1668 131 63 che
7267 1671 58 63 si
7420 1670 323 63 riferisce
7819 1673 137 60 alla

6525 1763 287 67 Corsica
6856 1771 91 59 ed
7001 1772 129 61 alla
7173 1774 468 78 opposizione
7692 1771 260 84 ch'egli

6526 1868 150 60 fece
6706 1887 36 43 a
6769 1867 345 82 Pasquale
7153 1871 224 65 Paoli.

6607 1982 183 65 Nato
6828 2004 39 42 a
6891 1985 161 65 Pisa
7090 1993 117 59 nel
7251 1990 183 82 1761,
7477 2010 38 42 e
7540 1993 310 80 fregiato
7883 1993 70 61 di

6527 2100 141 45 uno
6708 2086 112 60 dei
6854 2087 123 78 più
7012 2088 113 63 bei
7185 2093 197 59 nomi
7426 2093 246 78 patrizi
7729 2091 137 62 che
7889 2096 66 58 la

6526 2184 216 61 storia
6771 2185 285 76 ricordi,
7103 2189 372 63 abbracciò
7521 2193 433 82 giovanissi-

6525 2301 118 46 mo
6695 2288 66 59 le
6832 2290 226 62 teorie
7111 2289 394 66 filosofiche
7560 2294 70 62 di
7686 2292 263 76 Locke,

6526 2386 71 61 di
6630 2386 277 66 Elvezio
6968 2397 71 56 et
7075 2392 71 62 di
7177 2391 396 80 Rousseau,
7624 2412 139 48 con
7795 2415 157 62 gra~

6526 2506 91 43 ve
6654 2491 333 61 scandalo
7027 2491 115 65 del
7177 2494 219 78 padre
7433 2495 68 62 di
7532 2497 123 72 lui,
7686 2497 53 63 il
7765 2515 193 45 mar-

6528 2585 212 65 chese
6801 2577 408 91 Leonardo,
7263 2595 447 80 gentiluomo
7765 2598 193 63 della

6530 2685 219 67 Corte
6781 2690 475 65 Granducale.
7405 2711 27 5 -

6614 2804 401 67 Laureatosi
7078 2810 74 60 in
7234 2813 235 80 legge,
7535 2832 239 44 venne
7840 2799 115 78 dal

6527 2908 324 77 genitore
6897 2908 176 64 fatto
7112 2913 354 62 ascrivere
7504 2914 102 62 fra
7651 2917 23 60 i
7741 2934 215 44 cava-

6524 3007 159 61 lieri
6723 3008 68 61 di
6822 3005 218 66 Santo
7071 3008 311 77 Stefano,
7419 3032 37 44 e
7515 3016 120 79 poi
7676 3033 276 47 accasa-

6524 3111 76 59 to
6640 3126 128 44 con
6812 3107 268 66 Donna
7138 3106 378 71 Elisabetta
7552 3116 113 63 de’
7702 3117 249 64 Conti.

6529 3205 272 77 Questa
6846 3201 303 90 dignità,
7183 3215 263 62 ambita
7482 3218 88 61 da
7604 3221 236 74 molti,
7868 3219 89 63 ed

6525 3309 54 61 il
6625 3312 485 76 matrimonio,
7174 3332 142 45 non
7367 3318 466 64 cambiarono
7890 3323 67 58 la

6526 3427 123 45 sua
6694 3411 243 64 indole
6983 3414 248 63 ribelle
7296 3417 90 62 ed
7443 3426 507 68 avventurosa.

6527 3509 543 86 Dispregiatore
7128 3517 184 63 delle
7318 3498 416 106 tradizioni
7755 3502 199 84 aris-

6524 3615 411 77 tocratiche,
6999 3618 452 64 indifferente
7508 3624 78 61 in
7637 3624 179 64 fatto
7883 3624 70 62 di

6526 3717 365 80 religione,
6963 3736 41 45 e
7066 3723 285 62 nemico
7406 3723 112 63 del
7588 3726 366 78 principio

6526 3818 482 75 monarchico,
7084 3837 146 46 non
7288 3822 203 63 iardò
7549 3826 90 61 ad
7710 3843 245 45 essere

6528 3934 142 46 uno
6694 3919 110 62 dei
6846 3923 149 77 capi
7026 3921 124 81 più
7178 3924 75 61 in
7285 3926 184 61 vista
7498 3926 184 62 delle
7708 3925 247 83 Logge

6491 4058 3 3 i
6528 4021 470 74 massoniche,
7068 4023 131 71 che
7270 4026 548 66 domandavano
7868 4030 88 61 ri-

6527 4117 228 65 forme
6783 4121 547 67 democratiche.

6622 4239 85 58 Le
6743 4236 513 83 perquisizioni
7315 4239 431 72 domiciliari
7780 4247 179 64 fioc-

6531 4352 260 49 carono
6833 4336 279 89 (1786);
7168 4342 111 72 ciò
7331 4362 144 67 non
7542 4348 85 79 di
7704 4367 247 60 meno,

6533 4440 333 65 continuò
6915 4445 183 60 nella
7148 4436 460 94 propaganda
7679 4451 129 81 più
7848 4439 109 84 ac-

6532 4535 185 82 cesa,
6791 4533 468 78 diffondendo
7333 4567 135 47 con
7519 4555 333 77 opuscoli
7918 4574 40 42 e

6532 4642 175 83 fogli
6761 4649 296 74 volanti,
7091 4652 69 60 le
7207 4652 162 62 idee
7441 4653 180 64 della
7692 4657 265 62 rivolu-

6530 4746 206 63 zione
6779 4748 349 65 francese.
7172 4750 402 82 Costretto,
7580 4774 140 66 per
7742 4775 217 62 ques-

6533 4852 73 56 ta
6643 4864 125 47 sua
6815 4846 280 69 attività
7131 4857 425 62 sovversiva
7593 4876 38 43 a
7658 4860 303 62 lasciare

6532 4950 68 60 la
6629 4948 345 80 Toscana,
6999 4956 58 61 si
7087 4955 265 84 rifugiò
7383 4959 75 61 in
7497 4955 301 69 Corsica
7820 4979 139 45 con

6534 5052 80 69 la
6645 5055 293 74 mozlie.

6627 5169 271 78 L'isola,
6969 5174 232 63 divisa
7259 5177 75 61 in
7399 5165 215 77 mille
7682 5183 275 79 partiti,

6536 5279 119 55 era
6700 5274 72 60 in
6812 5277 166 77 quel
7005 5281 243 77 tempo
7295 5280 74 61 in
7410 5283 213 78 pieno
7697 5283 269 63 subbu-

6538 5374 172 76 glio,
6737 5393 93 43 un
6868 5393 252 65 campo
7152 5387 247 72 aperto
7441 5384 62 61 al
7533 5385 229 62 verbo
7830 5383 136 64 che

6536 5477 267 61 veniva
6840 5478 86 61 da
6969 5479 259 83 Parigi.
7263 5480 127 65 Era
7421 5484 288 83 dunque
7761 5486 204 65 l'am-

6540 5593 241 65 biente
6819 5597 255 84 ch’egli
7142 5601 463 68 desiderava
7550 5589 51 99 :
7640 5607 59 61 si
7745 5606 220 62 diede

6540 5696 364 89 senz'altro
6964 5700 91 62 ed
7092 5704 471 66 alacremente
7608 5726 33 45 a
7713 5708 252 63 fonda-

6538 5817 78 43 re
6656 5799 267 64 società
6962 5806 474 76 patriottiche,
7481 5811 89 61 ed
7609 5794 236 79 anche
7864 5829 97 42 un

6538 5894 318 87 giornale
6886 5905 386 66 intitolato:
7347 5909 320 67 L'amico
7755 5911 211 64 della

6536 5997 303 70 Libertà
6890 6006 360 78 Italiana,
7304 6012 116 63 del
7468 6016 205 76 quale
7734 6018 230 60 molte

6539 6105 201 80 copie
6775 6109 350 62 mandava
7188 6113 74 61 in
7324 6112 198 65 Italia
7585 6107 382 73 clandesti-

6539 6208 355 90 namente.
7167 6284 10 5 |

6624 6324 539 83 Repubblicano
7222 6350 274 60 acceso,
7572 6352 146 56 con
7780 6337 186 63 tinta

6540 6430 425 79 comunista,
7005 6433 58 60 si
7128 6451 115 44 era
7261 6441 258 68 creato
7583 6418 140 82 una
7777 6439 190 63 invi-

6538 6528 261 63 diabile
6837 6531 366 80 posizione
7232 6539 314 75 politica,
7582 6537 131 65 che
7726 6524 96 96 il
7841 6541 126 61 ri-

6517 6635 235 74 torno
6785 6632 69 62 di
6924 6632 346 85 Pasquale
7328 6637 221 81 Paoli,
7609 6641 360 64 nell'isola

6538 6731 193 81 dopo
6768 6753 96 44 un
6909 6729 210 73 esilio
7157 6740 70 61 di
7267 6758 77 45 21
7406 6744 189 73 anni,
7646 6744 322 64 :doveva

6534 6831 207 84 fargli
6788 6839 326 78 perdere.
7149 6840 452 69 Richiamato
7656 6847 308 63 dall'As-

6535 6937 313 73 semblea
6883 6939 407 78 Nazionale,
7360 6964 81 44 su
7482 6955 345 74 proposta
7891 6950 71 61 di

6535 7036 389 79 Mirabeau,
6971 7043 87 61 ed
7097 7051 299 60 onorato
7455 7053 202 76 quale
7710 7053 255 61 marti-

6533 7157 77 45 re
6648 7143 181 61 della
6885 7145 279 79 libertà,
7250 7149 285 65 l'antico
7614 7153 351 64 dittatore

6534 7243 366 78 dell'isola,
6986 7248 338 64 sbarcava
7388 7271 38 40 a
7497 7253 465 84 Macinaggio

6533 7346 362 80 nelluglio
6938 7367 191 65 1790,
7174 7354 273 63 accolto
7480 7373 132 45 con
7651 7358 314 62 deliran-

6532 7448 52 60 ti
6626 7450 356 61 Ovazioni.

7215 7590 82 61 O.
7339 7592 84 62 F.
7466 7594 408 79 Tencajoli.

6619 7716 476 87 (Coutinua).

7633 8146 286 65 Muora

6578 8134 711 89 Aiacciu-Stamparia
7348 8141 68 63 di
7487 8147 64 60 A

6540 8250 62 77 U
6638 8251 639 89 direttore-gerente
7309 8282 15 37 :
7406 8258 206 67 Petru
7652 8254 315 75 ROCCA

6535 8744 225 64 sangu
6794 8729 48 61 li
6884 8728 190 65 faleti
7118 8749 38 43 a
7192 8734 21 60 i
7252 8725 169 89 pedi
7462 8737 71 61 in
7606 8756 44 43 u
7712 8743 253 59 stessu

6531 8834 246 87 tempu
6802 8830 129 62 che
6969 8850 40 43 a
7037 8839 81 55 so
7150 8851 199 66 gerra
7393 8832 64 80 e,
7490 8841 182 60 trani
7704 8858 41 44 a
7790 8843 173 77 tutti

6514 8931 206 61 ‘cursi
6761 8932 425 64 briunendu:

6616 9012 168 66 —
6685 9008 66 98 O
6811 9017 66 61 la
6914 9034 120 46 me
7074 9022 250 61 cucina
7362 9020 435 69 sfurtunata!
7842 9046 125 45 era

6532 9121 234 77 quista
6800 9120 67 61 la
6920 9124 385 73 cullazione
7371 9130 115 63 chi
7553 9128 409 90 t'aspittava

6533 9204 257 81 oghie
6741 9200 31 91 !

6617 9323 79 10 —
6738 9286 66 64 O
6799 9282 238 93 Fidò,
7062 9310 185 47 caru
7285 9296 69 65 di
7379 9316 310 49 mamma
7659 9282 78 93 !

6614 9415 67 19 —
6713 9386 168 67 Sarà
6907 9408 197 64 vera,
7149 9394 41 65 ò
7223 9394 254 70 Filiciò
7520 9402 13 59 !

6612 9525 86 10 —
6729 9488 67 67 O
6833 9490 171 75 fidò,
7044 9500 313 61 tamanta
7386 9503 247 79 spina
7568 9484 52 102 !

6614 9591 117 62 Zia
6768 9589 347 67 Tricciata
7146 9597 211 80 junse
7391 9621 38 42 a
7468 9606 280 79 capiddi
7815 9628 148 45 ma-

6527 9694 234 62 laditti
6793 9711 37 43 e
6870 9696 455 79 spacchendu
7359 9705 69 60 la
7447 9706 245 63 turba:

6613 9793 173 64 —U
6823 9797 269 77 pudarè
7117 9802 184 62 mica
7321 9803 364 83 inghiuttà
7717 9811 250 65 st'òvu

6530 9913 206 44 senza
6783 9899 165 75 sale,
6987 9906 44 56 o
7051 9899 137 63 Nù.
7923 9906 10 6 |

6612 10016 87 9 —
6746 9978 67 65 ©
6840 9984 73 59 lu
6937 10002 117 45 me
7085 9984 216 66 fidòlu
7344 9989 15 60 !

6616 10116 79 11 —
6724 10080 120 65 Un
6874 10084 66 61 la
6967 10087 100 59 mi
7109 10087 135 61 faci
7283 10092 215 60 creda
7538 10113 42 42 a
7615 10113 136 58 me,
7784 10098 44 62 ò
7853 10097 110 63 Fi-

6530 10164 195 63 liciò.
6828 10239 3 2 _
7799 10204 16 9 -

6614 10285 83 7 —
6724 10248 68 63 O
6845 10247 211 67 Fidò!
7097 10255 53 61 ti
7192 10255 75 61 sè
7304 10255 232 65 fermu
7581 10278 38 44 a
7690 10263 277 65 Marra-

6530 10321 239 97 kesciü
6768 10321 74 97 !.
7932 10337 4 3 |

6615 10416 191 63 Sin'a
6828 10421 69 60 la
6935 10438 156 76 sera
7131 10424 61 61 ci
7232 10424 76 61 fù
7370 10444 172 64 gran
7601 10448 365 47 cuncursu

6529 10517 567 84 d'ajenti;ugunu
7125 10526 452 66 manifistava
7618 10551 37 43 a
7691 10551 85 44 so
7816 10522 148 91 pri-

6529 10639 206 43 senza
6792 10618 20 86 (
6848 10620 127 80 più
7038 10623 130 62 che
7215 10645 43 40 u
7321 10645 81 45 so
7433 10630 250 65 dulore
7718 10634 25 81 )
7782 10636 185 61 lam-

6525 10722 246 79 pendu
6812 10741 117 44 ma
6951 10722 74 61 di
7056 10724 513 84 st'isprissione
7607 10736 202 62 scelti
7843 10735 122 63 chi

6527 10821 82 63 sò
6650 10840 201 47 come
6903 10831 207 58 vetru
7163 10831 193 77 pistu
7428 10851 45 45 o
7516 10838 295 77 granedi
7887 10837 75 62 di

6526 10925 133 61 sali
6687 10942 275 64 grossu,
7000 10930 75 61 in
7113 10950 40 43 a
7186 10931 187 65 firita
7409 10942 240 71 aparta
7688 10937 71 62 di
7825 10937 134 61 l’a-

6525 11025 314 63 dulati—
6860 11021 234 96 Tantu
7154 11050 37 43 a
7235 11034 282 78 perdita.
7599 11054 118 42 era
7785 11037 173 60 dan-

6522 11143 180 47 nosa
6733 11134 201 58 tantu
6967 11130 78 62 fù
7087 11131 195 61 bellu
7324 11152 51 42 u
7402 11151 218 61 raspu
7654 11153 36 41 a.
7765 11119 198 78 tutt'?

6524 11230 206 76 punti
6776 11231 67 59 di
6873 11232 214 59 vista.

7114 11329 279 64 L'Omu
7443 11331 83 62 di
7585 11334 284 75 Cagna.

6698 11424 461 85 (Cuntinua)
