8498 11776
664 597 177 140 Le.
900 591 459 168 second
1401 593 639 138 centenaire

1246 819 110 64 de
1384 813 76 79 la

639 957 457 104 naissance
1130 947 137 142 de
1287 919 344 226 PASCAL
1730 941 347 112 PAOLI

728 1277 277 81 Depuis
1050 1278 69 60 la
1178 1290 314 66 guerre,
1523 1272 65 60 la
1632 1251 228 95 mode
1932 1258 147 93 dés

640 1377 445 62 centenaires
1120 1379 75 56 et
1230 1375 237 59 même
1451 1360 172 103 des
1635 1364 428 95 cinquante-

636 1476 248 59 naires
918 1492 38 42 a
981 1472 229 79 repris
1246 1485 177 45 avec
1446 1482 139 44 une
1619 1456 339 68 intensité
1991 1468 71 55 èt

621 1585 165 49 “une
823 1570 283 63 ferveur
1153 1568 258 80 qu'elle
1481 1560 253 62 n'avait
1797 1559 262 78 jamais

635 1670 357 63 atteintes.
1049 1669 61 61 Il
1157 1682 101 64 ne
1307 1663 148 61 faut
1494 1677 121 63 pas
1657 1663 168 73 trop
1871 1673 188 46 nous

642 1788 92 43 en
764 1768 341 79 plaindre.
1143 1743 308 90 Chacun
1510 1759 86 60 de
1665 1773 115 46 ces
1853 1755 208 61 anni-

636 1867 359 62 versaires
1030 1863 100 61 de
1156 1862 373 63 naissance
1564 1874 91 48 ou
1713 1857 89 61 de
1845 1842 215 76 mort

637 1972 112 57 est
788 1968 300 60 souvent
1147 1960 386 65 l'occasion
1594 1955 320 65 d'études
1953 1955 105 61 in-

630 2048 431 81 téressantes
1132 2081 172 52 sur
1339 2063 66 60 le
1474 2058 218 83 grand
1757 2058 303 62 homme

633 2141 184 87 dont
849 2164 142 63 l'on
1033 2151 488 75 commémore
1560 2155 66 64 le
1677 2156 374 63 souvenir.

634 2261 283 64 Parfois
951 2257 248 66 même
1249 2260 93 61 de
1365 2248 175 72 bien
1575 2255 279 62 infimes
1892 2258 186 74 pér-.

634 2377 382 65 sonnages,
1039 2372 206 80 pour
1278 2375 92 44 ne
1402 2350 124 87 pas
1575 2353 183 63 dire
1786 2350 270 64 d'illus-

628 2465 152 56 tres
855 2461 371 72 inconnus,
1304 2452 416 85 bénéficient
1789 2451 92 86 de
1935 2468 117 71 ces

627 2534 460 109 périodiques
1128 2551 488 90 célébrations.

721 2658 200 71 Dans
954 2659 79 59 le
1054 2657 327 64 nombre
1427 2626 442 110 respectable
1923 2650 127 61 des
2030 2644 75 89 |

633 2758 470 85 centenaires
1150 2757 512 62 actuellement
1710 2747 208 91 fêtés,
1984 2752 74 59 la
2041 2743 53 104 |

606 2852 274 82 presse
937 2855 350 89 française
1357 2855 273 86 semble
1679 2854 124 58 én
1822 2850 239 63 avoir

629 2952 248 87 oublié
908 2959 103 83 un
1047 2956 150 77 qui,
1238 2935 350 98 poürtant,
1651 2968 93 44 ne
1787 2947 263 65 mérite

627 3054 159 77 pas
797 3055 139 60 une
952 3038 221 77 telle
1197 3042 438 93 négligence,
1695 3053 130 58 car
1849 3046 57 65 il
1942 3053 114 57 est

627 3138 538 95 d'importance.
1211 3152 244 62 Pascal
1478 3150 228 74 Paoli,
1747 3151 88 60 le
1867 3131 179 79 Père

627 3250 105 62 de
757 3252 68 75 la
841 3244 271 97 Patrie,
1120 3259 151 56 ‘est
1309 3250 89 63 né
1431 3253 84 60 le
1557 3263 50 70 5
1642 3248 183 62 avril
1884 3254 158 76 1725

622 3348 43 63 à
701 3352 71 60 la
812 3350 249 65 Stretta
1123 3340 95 75 de
1259 3350 445 81 Morosaglia,
1728 3349 206 61 dans
1979 3349 66 60 la

568 3459 10 6 ‘
619 3451 227 79 piève
881 3451 87 62 de
1012 3450 350 64 Rostinò:
1433 3436 199 76 Cette
1700 3450 176 59 date
1938 3451 108 69 est

623 3552 185 60 célle
845 3556 130 73 que
1025 3555 214 75 porte
1309 3548 462 81 l'inscription
1831 3545 224 63 d'une

619 3652 263 78 plaque
892 3636 111 87 en
1038 3651 251 77 plomb
1320 3645 258 66 soudée
1615 3665 118 45 sur
1766 3649 68 59 la
1880 3662 166 64 ‘par-

618 3750 121 60 tie
758 3742 413 86 supérieure
1209 3749 100 61 du
1360 3749 296 60 cercueil
1693 3745 91 63 de
1838 3745 202 64 Paoli

621 3829 74 81 et
733 3855 139 72 que
894 3847 157 64 l’on
1071 3825 300 115 put-lire
1393 3825 184 115 lors
1614 3846 87 90 de
1756 3845 286 63 l’exhu-

617 3949 281 62 mation
968 3945 355 66 effectuée
1380 3950 68 59 le
1479 3956 91 71 31
1643 3947 171 62 août
1880 3943 157 85 1889

619 4049 183 60 dans
837 4049 66 60 le
938 4053 267 58 caveau
1228 4048 403 63 mortuaire
1638 4047 102 61 de
1762 4044 276 84 l’église

619 4132 208 78 Saïnt
859 4135 356 76 Pancracé
1245 4146 53 63 à
1325 4136 327 74 Londres.

704 4235 87 88 Je
826 4246 133 66 n'ai
1020 4252 130 75 pis
1205 4246 396 87 l'intention
1638 4247 90 72 de
1791 4254 250 54 narrér

618 4347 123 75 ici,
776 4351 229 83 même
1013 4330 486 102 rapidement,
1537 4339 64 69 la
1634 4346 221 64 noble
1895 4363 143 45 car-

612 4448 194 61 rièré
845 4448 110 60 du
985 4445 220 66 héros
1269 4456 219 54 corse.
1529 4445 136 79 Je
1689 4446 346 63 voudrais

614 4549 398 62 séulement
1045 4548 265 62 inciter
1333 4549 108 78 le
1461 4547 273 62 lecteur
1787 4544 43 65 à
1870 4546 165 62 s'in-

551 4717 9 7 _
614 4644 234 65 cliner
873 4636 668 131 respectueusement
1597 4648 268 62 devant
1893 4652 143 84 cet-

611 4734 95 100 te
718 4739 213 71 noble
967 4745 355 67 mémoire
1350 4753 69 80 et
1452 4745 50 64 à
1509 4745 305 93 méditer
1829 4729 206 100 quel-

614 4851 183 76 ques
833 4849 318 61 instants
1161 4855 132 77 sur
1327 4829 177 82 cette
1537 4848 118 61 vie
1712 4853 168 58 tout
1915 4866 119 44 en-

609 4948 190 63 tière
833 4967 87 44 au
954 4952 282 61 service
1275 4939 87 72 de
1387 4953 72 60 la
1494 4941 255 72 Patrie.
1779 4950 81 65 I1
1914 4949 122 84 n’y

585 5065 77 51 a
714 5048 143 80 pas
904 5050 171 61 dans
1127 5035 204 78 toute
1399 5049 347 71 l'histoirè
1797 5060 229 68 corse,

614 5149 249 77 riche
882 5137 399 92 'cepèndant
1309 5138 106 75 en
1433 5140 258 91 gloires
1748 5152 286 94 magni-

604 5233 259 94 fiques,
937 5250 87 62 de
1084 5252 167 78 plus
1318 5268 172 63 pure
1546 5257 69 72 et
1691 5246 94 68 de
1849 5243 182 89 :plus

611 5346 436 68 émouvanté
1068 5332 264 104 figure.
1352 5349 252 65 Pascal
1637 5349 230 79 Paoli,
1909 5353 120 78 qui

587 5447 252 65 aurait
898 5434 118 95 pu,
1104 5449 120 64 s’il
1309 5449 167 64 leût
1506 5454 300 74 -voulu,

606 5550 219 60 venir
878 5550 67 62 le
1003 5547 330 83 premier
1410 5552 339 77 ministre
1819 5552 212 79 d’une

604 5644 273 85 grände
896 5635 396 94 puissance
1320 5653 114 61 du.
1452 5641 245 88 même
1743 5655 87 64 le
1875 5642 158 92 pre-

608 5751 211 72 mier
835 5751 349 78 Capitaine
1222 5752 89 61 de
1341 5768 130 46 son
1502 5757 254 76 temps,
1802 5772 43 45 a
1875 5759 158 58 tout

613 5847 279 76 sacrifié
918 5847 39 65 à
982 5852 67 60 la
1077 5853 231 72 sainte
1336 5852 339 73 ambition
1714 5854 89 63 de
1853 5852 178 74 libé-

608 5959 124 65 Ter
769 5965 143 54 son.
929 5961 178 73 pays
1138 5953 105 67 du
1268 5950 174 117 joug
1489 5950 348 88 étranger.
1894 5941 161 78 Ila

606 6036 253 84 donné
879 6051 84 62 la
977 6051 287 75 liberté
1278 6050 38 64 à
1349 6054 108 71 la.
1477 6051 277 80 Corse,
1760 6061 115 70 et
1941 6051 113 75 en

610 6148 134 73 des
788 6153 225 76 temps
1048 6117 319 121 troublés
1402 6151 40 62 à
1497 6145 63 70 la
1595 6147 149 79 fois
1792 6173 132 62 par
1963 6158 67 59 la

595 6264 295 83 guerre
900 6251 214 73 civile
1152 6257 84 61 et
1251 6269 126 81 par
1406 6254 71 69 la
1506 6270 255 65 guerre
1793 6253 261 97 étran-

603 6330 200 88 gère,
835 6333 51 61 il
917 6337 42 57 à
991 6331 235 78 réussi
1280 6333 73 66 à.
1381 6335 198 86 doter
1645 6355 180 58 son
1846 6347 176 76 pays

588 6414 515 102 d'institutions
1143 6413 547 104 démocratiques
1739 6441 128 78 qui
1888 6445 163 58 ont:

596 6518 134 74 fait
765 6520 472 80 l'admiration
1289 6527 94 71 du
1441 6539 258 62 monde
1754 6546 76 56 et
1889 6535 121 90 qui

595 6635 135 59 ont
767 6632 90 61 du
875 6640 244 63 réste.
1143 6634 255 65 exercé
1454 6656 137 43 une
1652 6638 358 66 influence

594 6715 398 107 indéniable
1020 6753 125 45 sur
1168 6738 107 74 les
1296 6724 494 79 constitutions
1821 6740 190 64 amé-
2049 6807 1 3 |

592 6832 305 77 ricaines
918 6820 86 83 ‘et
1057 6823 408 103 francaises
1484 6839 519 87 postérieures.

596 6930 79 63 Il
699 6919 126 75 dut
854 6922 214 75 lutter
1104 6932 246 93 contre
1372 6939 100 62 les
1501 6936 506 85 compétitions

592 7013 86 99 de
722 7031 250 87 rivaux
1009 7051 266 64 corses,
1290 7020 138 95 tels
1434 7057 148 76 que
1605 7042 106 62 les
1732 7031 215 97 Matra
1946 7027 36 105 ;

592 7130 56 62 il
670 7124 128 80 dut
825 7115 407 93 combattre
1257 7117 74 82 la
1368 7128 377 88 résistance
1803 7159 206 75 Orga-

588 7229 209 89 nisée
820 7250 125 61 par
968 7236 68 60 la
1090 7219 435 112 République
1602 7242 91 62 de
1760 7232 246 75 Gênes

590 7321 128 88 qui
757 7348 72 53 se
866 7325 432 88 considérait
1334 7355 269 56 comme
1641 7326 365 89 souverai-

587 7448 96 44 ne
717 7415 88 79 de
836 7417 196 93 l’île
986 7411 74 110 ;
1114 7437 53 61 il
1222 7419 123 81 dut
1410 7439 206 78 enfin,
1678 7432 328 93 lorsqu'il

589 7528 276 130 croyait
890 7550 73 46 sa
988 7479 259 146 tâche:
1226 7557 38 42 à
1289 7546 139 84 peu
1443 7532 158 88 près
1619 7543 376 77 terminée,

588 7631 370 82 s'opposer
992 7654 145 44 aux
1167 7642 418 78 entreprises
1638 7632 110 75 de.
1787 7635 213 74 Louis

585 7718 254 76 XV-et
881 7734 87 62 de
1033 7734 347 68 Choiseul
1446 7744 116 78 qui
1624 7747 379 62 voulaient

589 7830 316 92 détruire
939 7827 81 93 le
1030 7823 623 97 résultatd’efforts
1700 7849 313 77 patients

595 7938 76 56 et
708 7933 302 91 coùteux
1044 7956 135 72 par
1213 7933 136 78 tine
1386 7932 329 98 invasion
1755 7952 75 57 et
1871 7965 140 54 une

581 8035 435 88 occupation
1056 8037 162 81 que
1244 8043 152 60 rien
1448 8062 91 43 ne
1586 8033 418 95 légitimait.

685 8113 719 113 Malheureusement,
1478 8140 375 90 Choiseul-
1898 8165 109 43 re-

587 8228 163 85 fusa
881 8234 88 61 de
1087 8218 303 98 prendre
1491 8259 87 44 en
1677 8227 332 83 considé-

585 8313 235 108 ration
863 8332 103 72 les
1001 8339 491 88 propositions
1529 8344 93 59 du
1662 8331 336 92 Général.

584 8409 423 111 Pontenovo
1076 8437 140 61 mit
1264 8439 102 59 un
1418 8430 237 75 terme
1711 8444 84 73 à
1822 8451 180 58 cette

586 8515 443 89 mésentente
1070 8523 73 73 et
1179 8534 50 81 à
1249 8538 68 85 la
1354 8546 234 73 courte
1624 8528 188 96 mais
1825 8547 175 80 glo-

588 8628 237 63 rieuse
845 8647 257 64 guerre
1140 8637 121 78 qui
1300 8620 233 82 suivit.

582 8797 23 10 _
670 8707 287 117 Lorsqu’
958 8748 94 45 en
1129 8754 161 67 1790
1325 8722 209 89 Paoli
1596 8720 406 88 constatant

580 8836 169 78 que
755 8828 63 60 la
869 8815 291 95 France,
1235 8826 314 88 devenue
1616 8844 189 75 libre
1871 8862 128 62 par

576 8924 218 63 l'effet
853 8927 85 62 de
1011 8929 93 92 la
1167 8937 263 78 grande
1521 8938 469 80 Révolution,

580 9017 432 96 s'engageait
1047 9028 49 84 à
1141 9027 305 82 étendre
1478 9021 191 88 cette
1738 9041 257 65 liberté

575 9122 45 73 à
676 9124 69 60 la
801 9121 262 82 Corse,
1114 9110 59 89 il
1231 9101 326 117 répondit
1621 9138 41 64 à
1736 9134 259 88 l'appel

578 9221 218 89 qu'on
826 9225 102 60 lui
963 9223 351 70 adressait
1342 9225 86 70 de
1463 9222 417 94 Versailles,
1917 9248 76 83 et

578 9320 54 77 il
672 9321 218 77 quitta
914 9323 205 67 l'exil
1157 9331 85 60 de
1258 9328 325 74 Londres
1619 9346 193 72 pour
1831 9326 160 76 ren-

570 9424 157 56 trer
758 9407 174 75 dans
963 9442 137 46 son
1123 9429 108 72 île
1266 9434 246 61 natale.
1545 9436 61 62 Il
1638 9441 353 78 acceptait

587 9517 496 70 silanouvelle
1106 9529 478 80 constitution,
1626 9542 207 57 toute
1859 9539 132 62 im-

574 9613 311 81 prégnée
921 9619 100 72 de
1046 9625 278 76 liberté,
1381 9635 209 75 serait
1636 9636 353 63 observée

573 9712 134 62 des
757 9713 186 64 deux
994 9721 225 64 côtés.
1286 9723 60 63 Il
1411 9732 105 58 est
1574 9724 413 89 déplorable

573 9826 144 62 que
748 9813 102 61 les
880 9817 249 66 tristes
1166 9819 453 71 événements
1664 9823 94 70 de
1772 9843 208 72 1793,

574 9914 75 56 et
685 9928 87 43 en
805 9906 413 83 particulier
1261 9903 577 91 l'établissement
1894 9932 127 62 du

573 10006 273 91 régime
881 10013 88 63 de
1003 10018 72 60 la
1111 10009 319 92 Terreur,
1478 10027 196 64 aient
1735 10029 251 64 amené

573 10091 248 76 Paoli
776 10087 57 113 à
866 10127 77 43 se
959 10097 429 82 considérer
1405 10110 277 77 comme
1712 10119 274 90 dégagé

570 10202 100 85 de
702 10220 110 44 ses
843 10208 439 74 promesses.
1319 10214 113 61 La
1443 10206 310 79 Terreur
1779 10233 11 17 :
1817 10225 171 63 était

567 10316 149 43 une
746 10303 294 63 atteinte
1065 10296 338 94 flagrante
1428 10314 62 62 ‘à
1509 10325 187 58 cette
1732 10321 255 63 liberté

571 10411 143 62 que
742 10388 66 68 la
845 10396 231 69 Corse
1107 10408 327 78 exigeait,
1484 10416 260 75 qu'elle
1795 10421 194 61 avait

570 10496 340 76 conquise
943 10500 113 60 les
1093 10521 246 56 armes
1356 10505 41 62 à
1427 10510 66 70 la
1512 10518 225 62 main
1769 10516 44 61 à
1847 10535 140 44 une

569 10591 281 80 époque
901 10596 97 60 où
1033 10617 308 61 presque
1387 10610 200 58 toute
1653 10599 334 100 l'Europe

570 10691 335 89 subissait
934 10696 72 73 le
1020 10698 201 83 joug
1254 10697 96 62 du
1374 10701 466 97 despotisme.
1904 10711 85 61 Et

565 10788 199 63 voilà
823 10808 139 62 que
1034 10798 68 59 la
1185 10793 454 72 Convention
1723 10810 263 59 envoie

567 10890 178 60 dans
778 10888 140 64 île
976 10895 134 61 des
1164 10898 518 67 commissaires
1747 10907 238 60 munis

565 10982 97 68 de
725 10979 232 88 pleins
1029 10984 379 89 pouvoirs,
1468 10994 226 77 voilà
1729 11003 255 79 qu'elle

564 11089 146 60 cite
741 11084 197 65 Paoli
965 11089 46 63 à
1046 11097 459 76 comparaître
1538 11097 41 64 à
1625 11120 81 43 sa
1749 11105 245 72 barre,

564 11185 253 80 qu'elle
851 11189 71 59 le
958 11177 289 76 décrèté
1281 11191 476 70 d'accusation
1791 11205 74 56 et
1911 11203 71 60 le

558 11290 157 78 met
752 11285 170 62 hors
955 11290 76 60 la
1063 11291 130 61 loi.
1233 11288 94 62 Le
1360 11290 178 64 Père
1572 11297 92 61 de
1718 11300 72 59 la
1849 11297 134 64 Pa-

1912 5442 137 74 de-

2141 570 138 84 trie
2313 569 174 64 hors
2532 575 69 59 la
2664 573 158 61 loi!
2898 568 104 63 Ce
3063 587 96 42 ne
3229 569 105 61 fut
3393 568 174 62 dans

2139 673 200 58 toute
2375 673 66 59 la
2481 669 233 64 Corse
2752 669 208 79 qu'un
3007 668 104 61 cri
3167 669 89 59 de
3290 672 278 84 protes-

2137 769 229 63 tation
2400 777 98 54 et
2566 771 104 59 de
2726 765 513 81 réprobation.
3270 765 90 62 La
3418 766 147 62 très

2062 862 350 86 [grande
2471 864 337 83 majorité
2863 866 127 61 des
3052 867 376 62 insulaires
3487 884 78 42 se

2139 959 265 88 rangea
2415 968 120 59 du
2565 964 160 63 côté
2763 965 88 62 de
2896 965 225 64 Paoli.
3166 965 84 61 Et
3318 982 81 43 ce
3459 963 106 60 fut

2043 1126 18 10 .
2076 1048 38 112 |
2112 1066 213 70 alors
2360 1068 68 58 la
2460 1052 297 92 rupture
2796 1063 388 63 inévitable
3216 1082 17 56 ;
3244 1064 189 92 dans
3493 1064 69 59 le

2140 1153 214 86 chaos
2403 1157 316 84 qu'avait
2778 1164 291 111 produit
3110 1165 79 59 Ja
3247 1158 316 64 Révolu-

2132 1264 182 72 tion,
2373 1267 212 58 notre
2640 1281 176 63 pays
2890 1280 79 45 se
3017 1258 297 99 _tourne
3393 1277 168 45 vers

2114 1351 537 91 l'Angleterre.

2223 1457 203 62 Mais
2442 1458 374 64 T'hostilité
2853 1464 248 57 contre
3134 1461 68 59 la
3224 1457 339 64 Conven-

2135 1554 157 62 tion
2361 1555 482 82 n'impliquait
2898 1574 234 44 aucun
3177 1558 385 60 sentiment

2138 1653 87 61 de
2260 1654 214 62 haine
2548 1662 249 56 contre
2848 1658 67 59 la
2950 1654 291 63 France.
3309 1649 244 79 Aussi,

2134 1753 290 79 lorsque
2459 1755 184 60 trois
2696 1772 126 43 ans
2857 1753 206 80 après
3097 1756 109 60 les
3253 1755 305 81 Anglais

2137 1850 428 65 évacuèrent
2599 1852 165 76 l'île,
2796 1853 422 81 Bonaparte,
3268 1854 173 63 dont
3490 1856 68 59 la

2112 1951 442 64 renommée
2628 1956 191 62 allait
2881 1944 497 93 grandissant
3488 1960 72 57 et

2135 2054 179 62 dont
2343 2055 106 70 les
2464 2052 285 83 Côrses
2808 2052 265 66 étaient
3124 2056 166 63 fiers
3339 2055 219 63 d’être

2131 2155 104 58 les
2274 2136 533 94 compatriotes,
2864 2161 130 71 put
3043 2154 409 62 facilement
3486 2161 73 55 et

2115 2249 179 63 sans
2343 2257 421 57 rencontrer
2832 2252 87 60 de
2988 2249 389 69 résistance
3446 2251 112 63 sé-

2118 2350 270 74 rieuse,;
2440 2349 181 65 faire
2665 2352 484 78 reconquerir
3206 2353 66 60 la
3328 2350 227 64 Corse

2129 2457 129 72 par
2310 2452 106 60 les
2487 2444 297 86 troupes
2845 2450 172 80 qu'il
3078 2451 197 62 avait
3365 2449 190 66 déta-

2108 2547 238 64 chées
2384 2550 90 60 de
2508 2549 290 65 l’armée
2832 2548 299 65 d'Italie.

2211 2646 217 65 Paoli
2450 2639 280 91 préféra
2766 2652 373 62 demeurer
3201 2640 171 73 dans
3420 2666 132 49 son

2106 2737 189 86 exil,
2342 2749 218 83 digne
2600 2755 73 58 et
2727 2750 324 79 toujours
3117 2749 313 91 entouré
3458 2749 96 80 du

2127 2855 280 73 respect
2436 2855 73 57 et
2569 2850 90 61 de
2717 2850 488 70 l'admiration
3277 2851 87 61 de
3412 2843 138 97 ses

2103 2943 520 88 concitoyens.
2685 2946 214 67 Cette.
2923 2951 303 63 attitude
3281 2949 168 65 était
3482 2953 67 59 la

2126 3049 195 60 seule
2387 3050 123 78 qui
2583 3050 101 61 lui
2756 3050 342 63 convînt:
3177 3052 95 62 du
3359 3056 190 58 reste

2102 3145 398 82 Napoléon
2528 3167 129 44 ne
2693 3151 68 61 le
2796 3153 287 77 rappela
3114 3151 277 86 jamais,
3417 3168 129 63 pas

2120 3248 162 77 plus
2320 3246 358 65 d'ailleurs
2736 3266 134 62 que
2915 3249 625 84 Pozzo-di-Borgo.

2126 3344 192 64 Pour
2351 3356 210 67 nous,
2607 3348 189 64 deux
2833 3355 198 57 cents
3062 3369 125 45 ans
3212 3340 215 103 après
3476 3354 70 58 la

2121 3447 372 62 naissance
2533 3449 101 61 du
2664 3450 223 80 grand
2932 3455 71 58 et
3057 3451 488 79 indomptable

2119 3546 329 78 patriote,
2482 3564 186 45 nous
2685 3565 92 44 ne
2805 3548 279 64 dévons
3104 3561 142 69 pas
3269 3551 277 61 oublier

2122 3644 247 80 qu'il
2312 3640 65 97 a
2404 3647 274 78 permis
2706 3646 40 63 à
2782 3657 129 54 son
2922 3640 199 97 pays
3160 3650 88 61 de
3290 3649 256 82 goûter

2117 3745 319 84 pendant
2470 3755 148 53 une
2653 3749 370 77 quinzaine
3062 3747 331 73 d'années
3434 3751 107 60 les

2119 3831 388 97 avantages
2547 3845 91 62 de
2689 3848 65 60 la
2806 3846 294 91 liberté,
3129 3847 170 81 qu'il
3346 3849 102 62 lui
3502 3867 41 44 a

2120 3944 238 63 donné
2426 3964 146 45 une
2628 3948 492 77 constitution,
3160 3967 143 70 une
3362 3948 181 65 Uni-

2116 4044 291 79 versité,
2441 4065 144 45 une
2632 4046 232 74 armée
2903 4055 73 55 et
3045 4055 151 57 une
3238 4050 296 77 marine,

2116 4156 142 53 une
2331 4146 458 80 Imprimeriè
2844 4153 76 70 et
2981 4168 146 44 une
3202 4149 339 64 Monnaié

2112 4247 424 87 nationales,
2582 4248 257 86 qu'il'a
2846 4247 280 95 assuré:
3137 4237 170 80 chez
3353 4266 187 47 nous

2112 4331 97 83 la
2224 4345 173 78 paix
2467 4347 216 60 civile
2719 4331 92 90 et,
2875 4358 133 70 par
3057 4356 143 54 une
3253 4353 286 58 entente

2112 4451 178 55 avec
2324 4446 69 60 le
2432 4442 217 82 Pape,
2675 4447 71 61 la
2781 4445 312 65 réforme
3129 4448 403 82 religieuse.

2116 4541 103 66 Ce
2250 4550 166 58 sont
2442 4542 67 65 là
2549 4547 126 62 des
2713 4548 317 64 services
3068 4554 74 58 et
3177 4548 127 63 des
3335 4548 205 62 bien-

2113 4743 200 65 Dans
2347 4748 81 61 le
2455 4753 202 57 coeur
2685 4749 86 61 de
2792 4753 159 59 tout
2989 4747 251 80 Corse,
3282 4750 51 61 il
3384 4750 154 64 doit

2109 4864 53 64 y
2194 4849 212 62 avoir
2440 4857 186 71 pour
2653 4847 243 65 Pascal
2925 4850 203 65 Paoli
3180 4859 148 54 une
3359 4853 176 78 pla-

2112 4963 81 46 ce
2212 4932 43 78 à
2293 4954 178 74 part,
2505 4960 154 51 une
2683 4952 197 77 place
2889 4950 282 65 sacrée.
3196 4928 190 117 Nous
3401 4952 131 62 de-

2108 5055 188 62 vons
2339 5059 100 53 un
2499 5048 348 92 véritable
2905 5052 212 64 culte
3163 5068 100 75 au
3317 5046 216 71 héros

2111 5149 121 78 qui
2277 5168 39 44 a
2352 5148 245 86 donné
2583 5136 68 102 à
2697 5153 74 61 la
2793 5150 229 66 Coôrsè
3049 5155 80 61 la.
3154 5141 381 76 conscien-

3463 448 27 6 =
3510 448 56 8 =
3614 438 195 28 mn
4175 438 21 28 ee
4208 450 11 6 ©
4276 451 20 7 -

2113 4643 161 65 faits
2312 4647 122 78 qui
2472 4652 131 57 ont
2643 4655 123 54 ùn
2827 4648 169 81 prix
3060 4650 472 65 inéstimable.
3564 4705 9 29 |

2108 5262 111 49 ce
2229 5249 90 62 de
2342 5260 91 52 sa
2480 5240 482 111 personnalité
3022 5249 380 82 nationale,
3462 5260 102 57 et.

2111 5330 88 79 de
2268 5366 135 47 nos
2456 5346 226 85 jours,
2747 5357 157 60 tout
2956 5368 96 48 en
3101 5355 297 82 gardant
3462 5348 96 70 le

2108 5451 160 77 plus
2296 5449 281 83 sincère
2599 5436 375 100 loyalisme
2996 5447 325 91 français,
3346 5463 184 61 nous
3558 5491 5 4 :

2109 5539 248 93 avôns-
2371 5553 74 60 le
2470 5552 260 64 devoir
2759 5554 145 62 très
2972 5557 199 62 doux
3218 5541 316 80 d'hôno-

2108 5653 218 75 rer'la
2367 5654 165 78 plus
2559 5647 186 68 belle
2780 5643 480 78 incarnation
3281 5657 93 64 -du
3408 5664 150 72 pa-

2105 5752 363 64 triotisme
2516 5771 226 61 corse,
2776 5747 251 89 Pascal
3042 5747 237 89 Paoli:

2388 5861 6 4 |
2721 5881 191 73 Paul
2946 5865 495 93 GRAZIANI.

2203 6164 105 109 U
2363 6169 343 156 Teatru
2739 6110 88 168 di
2881 6171 75 109 A
3001 6170 407 159 MUVRA

2361 6419 325 75 Aiacciu,
2725 6439 47 43 u
2817 6438 86 62 24
2947 6415 237 95 marzu
3189 6439 194 67 -I9o5

2503 6545 191 71 Caru
2764 6544 402 92 Direttore,

2188 6684 262 66 L'altru
2502 6687 215 65 iôrnu
2764 6688 80 67 sò
2917 6695 267 60 cullatu
3243 6694 72 61 in
3357 6691 175 66 San-

2103 6774 332 75 tu-Petru
2479 6806 43 44 e
2564 6783 218 86 aghiu
2804 6793 201 64 vistu
3056 6811 52 44 u
3158 6791 150 84 miò
3337 6801 190 55 cum-

2095 6881 178 83 pare
2322 6885 340 80 Jannettu
2711 6887 96 86 (U
2845 6888 579 89 Sampetracciu).

2189 6985 342 85 L'aghiu
2561 6989 434 67 dumandatu
3047 7003 41 53 à
3128 6996 108 62 so.
3271 6993 258 87 ch'ellu

2102 7095 91 53 ne
2255 7106 122 45 era
2447 7090 75 62 di
2601 7097 50 54 u
2689 7098 80 56 so
2830 7098 280 73 teatru
3082 7086 63 93 ;
3151 7094 185 64 m'hà
3392 7099 132 76 ris-

2102 7181 214 102 postu
2374 7170 258 83 ch’ellu
2670 7191 92 63 ha
2821 7192 179 65 fattu
3050 7213 42 42 a
3161 7204 364 82 cumman-

2102 7286 91 63 da
2242 7290 71 62 di
2386 7285 146 90 una
2564 7293 274 78 piccula
2889 7301 213 73 parte
3193 7285 70 73 di
3301 7315 47 44 u
3370 7306 150 77 ma-

2098 7390 249 62 teriale
2417 7409 40 43 e
2498 7390 114 64 chi
2651 7382 136 74 frà
2848 7394 224 82 poghi
3130 7389 191 87 jorni
3359 7399 165 81 rici-

2098 7487 392 102 verà.taule
2531 7498 38 55 é
2609 7495 182 61 travi
2839 7512 40 43 e
2918 7496 241 62 subitu
3190 7492 327 124 piglierà

2096 7706 41 44 a
2189 7706 83 65 so
2340 7698 241 56 scena.

2090 7986 239 69 fattu.I
2378 8012 79 44 sa
2481 8001 202 74 pezza
2702 7986 111 72 chi
2852 7996 163 91 serà
3059 7995 447 104 raprisintata

2088 8080 99 73 da
2239 8082 232 77 artisti
2542 8097 218 83 corsi,
2797 8117 102 63 un
2959 8102 434 77 cumprende
3429 8112 86 56 ca

2084 8190 257 88 parôle
2386 8211 40 43 e
2487 8195 157 62 fatti
2696 8198 403 65 viramente
3169 8200 213 62 corsi.

2097 8287 189 67 _Ha
2353 8275 185 82 fattu
2616 8294 168 65 dinò
2857 8297 283 82 qualchi
3201 8302 309 64 canzone

2084 8388 212 65 belle.

2168 8490 194 65 Caru

2063 8588 107 63 de
2240 8592 125 64 chi

2079 8705 80 47 so
2177 8692 192 81 sapè

2075 8808 101 44 ra.

2140 8878 108 107 Ci
2262 8878 182 107 vòle
2476 8893 129 65 chi
2648 8901 161 61 tutti
2847 8902 23 61 i
2912 8902 287 63 cursisti
3223 8889 276 82 faccia-

2073 8999 99 52 nu
2249 9010 48 42 u
2361 8992 369 81 pussibule
2773 9018 43 42 e
2873 8999 504 83 l'impussibile
3454 9008 42 64 e

2047 9083 397 71 -màandinu*
2493 9094 259 66 danaru
2792 9110 40 52 a
2889 9115 47 51 u
3013 9100 247 86 nostru
3305 9113 189 61 ami-

2073 9206 87 44 cu
2221 9191 392 79 perch'ellu
2677 9216 215 61 possa
2952 9205 291 101 cumprà
3299 9213 195 81 tuttu

2070 9288 83 64 so
2217 9291 116 62 chi
2377 9293 76 60 ci
2472 9293 167 63 vòle
2681 9315 130 61 per
2835 9302 251 64 muntà
3153 9324 48 42 u
3259 9291 234 82 teatru

2070 9387 68 62 di
2207 9390 69 61 À
2348 9391 399 86 Muvrachi
2786 9400 40 62 è
2896 9421 49 43 u
2978 9408 233 58 teatru
3246 9407 72 60 di
3348 9410 144 63 tut-

2068 9488 54 59 ti
2148 9491 54 58 i
2246 9491 156 62 veri
2442 9494 189 61 corsi
2695 9505 39 52 è
2769 9490 74 71 di
2887 9504 221 79 quelli
3147 9503 112 64 chi
3286 9510 206 62 vole-

2066 9595 98 53 nu
2219 9589 114 63 chi
2396 9608 43 43 a
2482 9594 246 79 lingua
2805 9617 209 48 corsa
3075 9604 102 61 Sia
3222 9614 262 71 sparta.

2153 9687 135 63 Biu
2351 9689 104 64 sò
2503 9701 96 53 un
2631 9706 220 67 poaru
2914 9702 423 80 disgraziatu
3367 9726 121 45 ma

2064 9784 331 83 feraghiu
2457 9791 504 81 l'impussibile
3027 9820 132 61 per
3226 9807 265 63 mandà

2065 9885 248 63 cioche
2348 9905 246 61 possu.
2627 9890 93 65 Sò
2773 9897 78 61 in
2918 9898 291 65 Corsica
3238 9904 114 63 ma
3388 9926 98 44 un

2066 9986 65 60 ci
2185 9987 81 64 sò
2330 10007 84 43 ca
2462 9989 73 63 di
2605 9995 188 76 pedi,
2851 10005 248 74 prestu
3158 10018 215 63 speru
3412 10008 73 61 di

2063 10090 233 61 esseci
2357 10090 74 62 di
2502 10091 175 78 pedi
2740 10112 50 55 e
2840 10098 78 61 di
2955 10117 211 45 mane
3208 10100 19 62 !

2148 10184 82 63 Bi
2281 10190 237 59 salutu

2423 8604 338 71 cumpare
2818 8588 67 74 ci
2959 8605 225 71 mette
3229 8606 187 83 tuttu
3452 8625 48 67 u

2416 8695 249 78 perchi
2722 8704 38 55 a
2797 8700 329 63 riescita
3179 8704 105 61 sia
3310 8699 193 70 sicu-

3011 10295 70 61 U
3125 10295 271 72 Corbu.

2726 10478 81 16 ati

2747 10508 70 16 »

2171 10605 183 85 Chi
2383 10620 262 71 belle
2670 10621 817 86 manifestazione

2065 10769 130 63 pe
2244 10773 64 48 a
2330 10750 322 72 difesa
2699 10759 784 80 cunfessionale
3407 10746 68 101 !

2167 10880 426 86 Quandu
2672 10888 515 75 vidaremu
3287 10898 202 73 tale

2060 11012 821 81 manifestazione
2915 11024 130 87 pè
3071 11045 61 50 a
3164 11026 321 78 difesa

2059 11138 100 72 di
2196 11142 519 79 l'interessi
2750 11156 266 92 vitali
3036 11156 98 72 di
3156 11126 68 102 u
3259 11181 226 56 nos-

2060 11280 162 64 tru
2257 11297 348 66 paese:
2645 11303 61 49 a
2731 11280 479 82 Corsica?

2180 7767 89 86 In
2344 7797 206 58 tantu
2608 7795 281 80 pripara
2943 7797 33 69 i
3031 7804 84 55 sô
3197 7800 240 89 artisti
3478 7820 66 43 a

2090 7891 232 80 ripete
2373 7899 140 55 una
2582 7899 202 76 pèzza
2846 7895 256 65 ch'ellu
3151 7896 85 63 ha
3271 7899 271 94 dighià

2098 7595 178 90 sega
2323 7609 38 43 e
2407 7584 329 72 martellu
2780 7601 40 55 è
2897 7590 458 127 principierà.
3364 7606 52 78 a
3448 7597 100 72 fà.

2432 8483 390 92 Direttore,
2855 8498 73 63 bi
2988 8505 228 87 pregu
3241 8492 73 72 di
3351 8488 175 79 cre-

3594 4826 168 60 dore
3845 4832 175 69 était

4623 510 61 11 —

3772 585 265 88 Aux
4092 587 434 89 Corses
4579 582 363 84 morts

3833 763 292 84 pour
4176 739 138 93 la
4357 739 355 90 Corse

3727 977 177 58 C'est
3943 996 82 38 en
4060 982 151 57 mai
4222 979 344 75 prochain
4583 974 294 71 qu'aura
4909 971 158 61 lieu,

3640 1086 124 39 sur
3805 1069 74 56 la
3919 1080 177 47 terre
4136 1072 207 60 bénie
4395 1071 89 59 de
4523 1066 416 61 Pontenovo,
4969 1060 104 59 l'i-

3641 1160 467 71 nauguration
4148 1164 93 59 de
4303 1165 81 57 la
4417 1158 197 63 Croix
4637 1156 228 58 élevée
4895 1155 48 57 à
4994 1154 74 56 la

3635 1253 223 72 gloire
3873 1252 123 56 des
4020 1252 370 77 héroîques
4422 1254 231 58 Corses
4715 1252 218 65 morts
4982 1265 85 37 en

3641 1331 386 83 défendant
4046 1345 67 56 le
4135 1348 114 56 $ol
4264 1348 214 58 sacré
4493 1343 87 58 de
4600 1346 203 52 notre
4819 1338 247 60 Patrie

3620 1435 271 58 chérie.
4794 1464 18 9 -

3716 1526 434 65 Remercions
4175 1532 98 58 du
4290 1532 174 74 plus
4480 1523 308 76 profond
4808 1522 91 58 de
4942 1541 128 40 nos

3639 1636 238 45 cœurs
3944 1626 194 53 notre
4229 1621 309 61 vaillant
4598 1616 149 57 ami
4807 1615 252 64 Rocca,

3640 1708 340 59 directeur
4027 1711 85 58 de
4129 1715 60 67 À
4230 1715 262 68 Muvra,
4520 1727 106 40 ses
4684 1707 382 58 valeureux

3639 1799 540 72 collaborateurs
4217 1814 72 49 et
4317 1806 62 59 U
4399 1797 239 81 partitu
4667 1798 221 59 Corsu
4912 1796 152 58 d’A-

3637 1893 215 69 zione,
3885 1895 273 59 d’avoir
4180 1897 315 72 pensé:
4428 1889 58 86 à
4510 1895 277 70 réparer
4801 1909 96 39 ur
4949 1907 111 40 ou-

3635 1986 111 58 bli
3765 1987 128 72 qui
3911 1990 324 57 étaitune
4287 1990 216 56 honte
4539 1994 181 62 pour
4774 1983 103 60 les
4910 1982 154 58 Cor-

3634 2093 144 78 SES.
3998 2117 72 33 —>
4145 2096 201 60 Soca...
4414 2103 53 49 CL

4532 2131 13 6 ~
4670 2111 59 40 2€
4965 2120 28 18 °

3710 2152 336 94 Jusqu'ici
4065 2191 89 38 on
4179 2172 237 58 s'était
4452 2171 312 57 contenté
4807 2167 93 56 de
4944 2168 118 53 vé-

3636 2267 198 53 nérer
3861 2264 82 56 la
3966 2265 321 57 mémoire
4306 2262 129 56 des
4467 2259 230 60 Corses
4721 2263 216 52 morts
4961 2273 96 39 au

3634 2355 260 58 service
3916 2352 173 62 dela
4115 2355 297 60 France.
4451 2352 103 59 On
4576 2350 267 72 faisait
4866 2347 192 66 bien;

3636 2448 183 57 mais
3855 2448 61 58 il
3933 2458 173 48 nous
4137 2449 258 75 paraît
4418 2460 149 58 que
4614 2452 257 64 penser
4915 2459 142 40 aux

3642 2539 238 59 Corses
3906 2542 127 71 qui
4052 2545 126 53 onti
4196 2538 288 70 sacrifié
4521 2537 155 58 leur
4714 2536 114 57 vie
4853 2542 208 75 pour

3633 2631 74 58 la
3742 2633 200 58 Corse
3984 2640 105 51 est
4134 2631 165 58 bien
4345 2631 215 57 aussi.
4588 2628 283 60 Ceux-ci
4882 2645 176 40 com-

3632 2742 109 39 me
3792 2725 288 68 ceux-là,
4124 2728 122 55 ont
4288 2720 191 59 droit
4512 2723 46 57 à
4609 2728 189 52 toute
4862 2727 195 51 notre

3629 2812 375 80 gratitude.
5007 2888 15 11 |

3705 2891 192 59 Nous
3918 2893 275 71 devons
4214 2907 363 41 conserver
4599 2908 92 38 un
4731 2906 327 59 souvenir

3605 2979 499 90 impérissable
4157 2968 88 72 de
4289 2999 131 40 nos
4476 2980 200 59 chers
4705 2980 207 79 héros
4965 2978 89 59 de

3626 3074 418 61 Pontenovo.
4088 3061 117 74 Et'
4227 3073 323 58 souvent
4565 3076 216 55 mémeè
4802 3058 254 88 avant

3627 3166 444 74 d'accomplir
4085 3144 309 123 certains
4442 3174 201 77 actes,
4707 3179 182 45 nous
4926 3148 127 75 de-

3626 3260 230 58 Vrions
3911 3225 423 112 commericer
4375 3269 140 72 par
4547 3279 171 39 nous
4767 3259 285 58 deman-

3626 3337 127 71 der
3774 3353 67 57 si
3861 3366 132 45 eux
4018 3343 359 84 agiràient
4407 3360 251 52 comine
4679 3362 201 49 nOus.

3709 3444 337 60 C'étaient
4080 3437 141 67 des
4255 3443 306 61 hommes
4601 3438 189 80 épris
4829 3443 92 78 de
4966 3441 84 59 li-

3624 3534 237 69 berté,
3875 3536 466 81 énnemis
4226 3530 115 91 de
4394 3537 77 59 la
4521 3535 360 62 tutelle.lls
4915 3540 136 53 ont

3624 3624 203 73 offert
3885 3648 82 38 en
4035 3628 412 74 holocauste
4528 3631 147 59 leur
4731 3638 199 61 sang
4996 3627 49 56 à

3623 3718 151 58 leur
3839 3722 212 57 mère
4085 3723 78 66 la
4220 3722 228 71 Corse.
4502 3722 144 74 Ah!
4662 3721 180 72 ils.
4895 3719 152 58 Pl'ai-

3623 3812 265 64 maient
3924 3812 163 61 d'un.
4160 3805 282 69 amòoùr
4459 3811 411 87 autrement.
4929 3810 116 60 dz-

3621 3903 370 61 sintéressé
4009 3925 134 62 que
4170 3891 205 77 celui
4396 3893 210 76 d’une
4666 3883 226 120 bande
4954 3905 90 67 de

3614 3996 358 73 parasites
4028 4006 69 53 et
4139 3988 378 73 d'avachis
4579 3991 293 85 vivant
4900 4009 144 50 aux

3622 4090 313 88 crochets
3953 4093 88 58 de
4067 4096 343 79 quelques
4458 4080 296 89 ignobles
4803 4093 239 86 politi-

3621 4184 192 69 ciens
3839 4173 84 71 en
3951 4187 153 59 mal
4120 4188 453 70 d'ârrivisme.

3696 4276 149 56 Les
3890 4277 361 70 glorieux::
4298 4269 270 74 Corses:
4615 4278 284 76 tombés
4943 4298 95 38 au

3620 4365 252 72 champ
3885 4364 937 69 d'honneur
4298 4357 117 93 de
4422 4364 400 73 Ponténovò
4865 4361 181 76 nous

3615 4464 164 52 sont
3797 4450 238 73 sacrés
4047 4456 605 87 pàrce'qu'ils'ont
4663 4464 189 67 lutté
4856 4472 185 63 pour

3598 4535 51 71 Pl
3649 4551 117 58 Ilè
3780 4554 203 71 gu'îls
4007 4549 898 91 voulaieritindépendante.

3692 4644 280 74 Depuis
3988 4643 131 63 156
4146 4633 268 98 ans;-lé
4417 4646 178 79 sang
4615 4652 127 61 des
4799 4655 239 60 Corses

3617 4755 48 39 a
3682 4737 227 78 coulé
3910 4748 294 63 partout
4218 4748 110 60 où.
4361 4747 73 58 le
4460 4745 328 75 drapeau
4844 4748 194 58 trico-

4119 4843 302 69 engagé.
4434 4873 9 28 .
4490 4838 548 79 Qu'avoris-nous

3615 4921 252 58 obfenu
3902 4943 86 40 en
4031 4936 238 52 retour
4290 4933 54 57 ?
4342 4934 147 65 Pas
4509 4933 242 72 grand
4788 4933 249 61 chose!

3689 5015 200 59 Nous
3912 5028 409 84 consfatons
4329 5036 180 76 avec
4518 5026 229 72 peine,
4771 5028 66 58 le
4855 5024 184 62 coeur

3614 5117 203 60 serre,
3854 5102 135 80 que
4003 5113 74 57 la
4129 5093 265 103 France
4451 5121 117 58 n'a
4596 5117 159 77 pas
4792 5108 248 86 rempli

3611 5218 127 41 son
3765 5202 240 60 devoir
4036 5226 252 45 envers
4325 5189 101 89 Ja
4484 5214 222 58 Corse.
4739 5214 158 60 Elle
4961 5212 74 61 la

3615 5296 207 57 fraite
3839 5316 83 40 en
3940 5306 267 64 parent
4212 5299 309 82 pauvre.

3699 5389 180 59 C’est
3890 5399 183 69 porir
4096 5395 164 74 celà
4281 5416 138 72 que
4442 5396 431 83 l'hommage
4901 5418 136 57 que

3612 5499 175 40 nous
3813 5473 226 70 allons
4060 5480 260 69 rendre
4358 5493 47 57 à
4448 5511 124 49 nos
4630 5493 212 61 héros
4889 5495 152 81 doit

3611 5577 142 57 étre
3780 5579 347 71 unanime.
4150 5567 184 74 L'Ile
4344 5584 101 75 de
4467 5586 292 61 Beauté
4782 5565 256 83 entière

3611 5667 217 60 devra
3846 5690 48 52 y
3907 5674 318 70 prendre
4229 5685 202 62 part.

3688 5763 189 60 Pour
3899 5785 135 40 une
4047 5770 301 71 journée
4400 5774 310 86 oublions
4740 5777 79 59 la
4859 5779 179 71 poli-

3553 5837 2 2 |
3614 5856 208 72 tique.
3852 5860 104 60 Ne
3988 5871 339 89 pensons.
4364 5868 159 73 qu'à
4565 5869 226 69 Eùx.
4803 5870 141 61 Oh!
4959 5891 77 41 ce

3549 6019 9 9 I
3612 5948 171 60 m'est
3787 5945 158 77 pas
3960 5954 169 81 long
4154 5954 144 83 une
4323 5952 325 80 journée!
4683 5963 102 68 Le
4811 5954 227 91 lende-

3613 6039 217 80 main,
3866 6022 567 116 déchirons-nous
4456 6056 108 88 s'il
4575 6058 61 58 le
4672 6050 171 100 faut
4858 6061 179 58 mais

3611 6136 132 73 eg
3770 6143 177 86 mai.
3954 6117 359 116 prochain
4355 6140 473 88 communions.
4883 6160 154 60 tous

3548 6285 3 2 |
3611 6213 186 73 dans
3813 6222 143 86 une
3971 6237 223 69 même
4209 6243 262 73 pensée
4477 6238 189 77 pour
4681 6263 133 38 nos
4842 6235 194 69 chers

3611 6316 208 82 morts
3821 6300 291 95 faisons
4136 6333 195 65 fréve
4350 6331 86 59 de
4443 6330 141 124 fout
4619 6355 80 40 ce
4724 6339 131 71 gui
4860 6358 192 39 nous

3587 6396 263 98 divise.
4121 6459 46 32 :-

3685 6503 190 85 Nous
3938 6469 346 140 espérons.
4304 6475 161 124 gue.
4461 6477 179 122 tous
4686 6522 111 84 les
4831 6543 203 55 grou-

3601 6610 315 65 pements
3934 6627 230 41 corses
4179 6590 109 80 de
4283 6603 228 77 Paris,
4555 6626 160 47 sans
4751 6618 296 81 excepti-

3609 6716 111 49 on,
3734 6704 343 64 personne
4101 6723 90 39 ne
4217 6703 335 62 détenant
4581 6707 68 59 le
4675 6711 358 74 imonopole

3608 6789 97 78 du
3750 6792 438 70 patriotisme
4205 6789 212 89 corse,
4445 6818 74 39 se
4527 6800 236 99 feront
4784 6811 95 52 un
4896 6800 138 66 de-

3608 6884 149 58 voir
3791 6883 72 58 d’
3861 6889 142 89 étre
4051 6887 426 76 représeniés
4515 6893 50 60 à
4602 6885 424 82 Pontenovo.

3605 6976 195 58 Nous
3832 6973 86 63 en
3939 6973 465 72 connaissons
4436 6994 102 51 un
4554 6992 136 72 qui
4719 6984 191 67 vient
4942 6981 83 96 de

3605 7067 319 85 désigner
3951 7074 183 59 deux
4176 7078 111 59 de
4313 7099 110 38 ses
4462 7075 349 68 membres
4833 7086 61 60 à
4923 7070 111 92 cet

3605 7150 184 83 effet.
3810 7163 132 60 Les
3966 7167 334 82 délégués
4310 7173 123 72 des
4456 7172 489 87 Voltigeurs.de
4965 7159 59 76 la

3608 7254 274 60 Bataille
3923 7254 212 85 Corse
4148 7257 242 118 seront
4415 7254 333 101 présents.

3679 7348 112 107 En
3794 7343 424 127 _ferminant,
4225 7347 113 112 Je.
4353 7351 267 108 reviens
4662 7384 122 86 sur
4826 7365 202 62 Pidée

3597 7720 127 71 qui
3762 7712 385 80 consistait:
4160 7730 448 88 simplemeut
4633 7737 67 57 à
4739 7717 283 100 deman-

3597 7807 128 63 der
3739 7815 48 57 à
3808 7821 159 80 fous
3983 7817 102 61 les
4122 7813 256 71 Corses
4393 7824 332 67 habitant
4747 7826 43 63 1
4790 7811 118 96 "Ile
4930 7827 89 67 ou

3595 7902 299 93 ailleurs,
3932 7920 141 50 une
4079 7909 279 68 miriute
4383 7921 84 56 de
4510 7915 511 75 recueillement

3593 8019 96 38 au
3723 8010 298 69 moment
4071 8007 88 58 de
4216 7999 57 69 l’
4270 8002 509 103 inauguration.
4826 8017 215 66 Nous

3592 8093 76 59 la
3686 8099 468 58 renouvelons
4164 8121 94 39 en
4261 8089 214 98 priant
4528 8099 103 81 les
4655 8113 360 76 organisa-

3591 8194 188 52 feurs
3815 8187 90 84 de
3932 8179 71 69 la
4037 8195 314 68 prendre
4382 8213 81 43 en
4506 8204 520 62 considération

3588 8285 72 52 ef
3680 8298 128 39 nos
3815 8264 360 148 confrères
4192 8285 95 60 de
4300 8287 82 61 la
4395 8294 321 62 soutenir.

3860 8441 101 43 RI
4147 8440 30 44 È
4160 8395 17 53 :
4196 8391 398 128 «Antoine.
4610 8414 313 128 Simoni.

3662 8529 117 112 La
3784 8493 332 153 Bataille
4150 8533 249 119 Corse
4420 8564 81 72 —
4518 8560 340 103 25-32-25.

3957 8714 88 144 A
4087 8717 532 158 Spjgazione

3658 8947 413 76 Viaggiava,
4086 8947 226 80 pochi
4342 8953 170 67 mesi
4550 8954 257 73 avanti
4846 8986 59 43 a
4926 8987 79 44 so

3573 9049 286 61 morfe,u
3897 9045 199 61 duca
4103 9048 421 64 d'Orléans
4495 9075 73 38 in
4604 9058 275 61 Corsica
4906 9080 96 40 un

3571 9132 630 76 s'immagginendu
4234 9143 225 68 aljòra
4481 9168 48 39 a
4544 9151 355 71 prossima
4906 9152 96 82 fi-

3570 9233 92 71 ne
3684 9226 117 58 chi
3846 9248 153 40 una
4034 9244 241 48 manu
4300 9235 342 68 invisibile
4688 9247 110 73 gli
4839 9250 164 58 scri-

3571 9320 119 57 via
3748 9320 297 75 adighià
4096 9344 51 39 a
4190 9333 366 64 sgumentu
4593 9317 82 79 di
4697 9326 331 75 l'umane

3567 9421 375 63 speranze;
3988 9438 43 37 e
4078 9419 336 78 sinfendu
4464 9425 117 73 chi
4619 9429 217 63 Paoli
4875 9443 123 67 era

3548 9505 408 64 ramintatu
3974 9503 87 66 cu
4077 9503 146 80 più
4241 9509 358 85 riverenzà
4628 9542 39 38 e
4704 9509 295 97 gratitu*

3568 9595 165 59 dine
3771 9597 123 60 da’
3915 9600 196 82 Corsi
4147 9594 169 90 che.
4350 9593 49 71 l'
4381 9609 429 91 Imperatore
4849 9619 149 83 Na-

3560 9688 285 70 pulione
3872 9712 86 39 ne
3978 9678 283 76 mistrà
4270 9669 426 121 imdràviglia.

3642 9773 424 87 Limperani,
4123 9780 325 93 diputatu
4490 9786 83 69 di
4618 9800 382 68 l'isula.chi

3574 9866 20 79 Pr
3618 9867 576 116 accumpagnava
4213 9885 261 76 aspittò
4486 9889 160 66 Iòcu
4668 9881 327 84 oppurtu-

3566 9981 98 39 nu
3678 9971 134 63 per
3831 9967 186 60 dalli
4038 9990 62 43 a.
4111 9971 338 95 raggione
4477 9980 80 58 di
4593 9983 96 60 -di
4709 10004 48 38 u
4775 9986 212 72 fattu,

3567 10073 42 39 e
3655 10060 393 66 quand'elli
4101 10064 320 73 junsenu.
4457 10090 43 38 a
4558 10073 435 85 Pontenòvu;

3563 10149 294 70 quandu
3883 10154 97 58 da
4008 10175 43 37 e
4072 10158 286 78 Custere
4400 10179 43 38 e
4491 10164 109 59 da
4621 10187 47 38 u
4690 10169 299 64 Rustinu

3545 10237 275 57 videnu
3844 10240 279 70 affaccà
4151 10250 240 69 d'ogni
4402 10251 262 69 partee
4687 10257 305 62 mulfitu-

3536 10361 4 2 |
3564 10326 581 68 dinerumorose
4111 10360 80 48 iri
4192 10341 231 71 panni
4427 10346 189 56 scuri
4620 10367 39 36 e
4672 10348 158 58 altu
4838 10344 149 85 pur-

3572 10422 313 55 tamentu
3918 10417 183 67 duve
4118 10433 302 74 accantu
4443 10442 49 45 a
4514 10442 42 48 e
4574 10434 205 70 facce
4804 10444 186 62 more

3563 10507 84 57 di
3663 10506 196 59 l’òmi
3896 10502 354 78 risaltava
4265 10522 129 86 più
4413 10523 279 71 infensu
4718 10542 48 46 u
4790 10541 199 51 castu

3564 10615 41 38 e
3627 10606 260 62 argutu
3901 10608 285 74 pallore
4209 10605 82 66 di
4334 10615 37 56 è
4416 10609 232 76 donne
4698 10641 40 37 e
4762 10610 111 88 ch’
4844 10619 135 115 elli

3561 10680 504 91 scuppiavanu,
4121 10709 121 80 fra
4279 10704 512 78 Parcusgiate,Y'
4960 10752 32 10 -

3561 10795 95 37 va
3680 10778 83 55 di
3781 10786 308 60 maschie
4113 10781 171 70 voce
4308 10793 113 58 chi
4433 10798 310 71 impjanu
4755 10782 228 105 l'aria

3562 10886 42 38 e
3652 10867 294 64 l'anima
4010 10881 179 61 d'un
4227 10882 284 72 fremitu
4568 10893 229 58 simile
4835 10916 52 37 a
4940 10918 47 37 u

3537 10960 557 67 scrucchittume
4118 10974 112 59 d'i
4250 10970 201 64 larici
4483 10980 86 57 di
4597 10980 379 90 Valduniel-
5012 11058 8 8 '

3560 11049 94 66 lu,
3689 11051 246 61 allòra
3942 11045 415 99 Limperani
4399 11070 67 56 si
4492 11075 204 59 vultò
4719 11081 187 58 versi

3559 11140 186 60 duca
3788 11165 41 37 e
3864 11149 59 55 li
3946 11151 255 72 disse
4131 11136 61 91 :

3630 11269 86 10 —
3731 11237 181 59 Eccu
3949 11262 52 39 a
4023 11248 321 61 Nazione
4369 11251 117 61 chi
4505 11257 223 61 Paoli
4737 11280 249 53 guver-

3534 11328 121 73 nò
3680 11331 511 72 quindic'anni.

5199 423 102 29 Re
5313 433 369 11 RE
5585 423 16 29 +
5643 423 38 29 RE
5706 423 110 29 ÉR.
5823 423 63 29 mn

5375 568 214 106 Abel
5628 567 283 104 Gance
5964 502 108 167 en
6129 564 260 105 Corse

5228 808 175 58 Bien
5432 824 138 54 que
5608 811 195 52 notre
5828 801 193 61 idéal
6040 800 140 58 soit
6220 795 358 74 personni-

5145 900 102 70 fé
5254 908 142 62 par
5417 898 272 57 Pascal
5700 895 221 67 Paoli,
5944 894 171 70 père
6122 882 93 92 de
6235 890 81 79 la
6334 886 242 58 Patrie

5150 1010 188 40 corse
5354 993 171 58 dont
5548 1008 178 39 nous
5750 987 347 59 célébrons
6140 978 449 80 pieusement

5148 1109 86 38 en
5258 1109 127 39 nos
5420 1106 224 41 ceurs
5669 1087 67 58 le
5770 1083 356 60 deuxième
6151 1075 411 63 cenfenaire,

5147 1201 173 39 nous
5335 1181 298 73 jugeons
5657 1183 333 67 opportun
6036 1172 91 59 de
6134 1167 276 76 joindre
6447 1181 126 41 nos

5144 1274 315 59 souhaits
5500 1273 93 58 de
5616 1273 382 58 bienvenue
6037 1283 96 40 au
6177 1264 394 71 promoteur

5144 1373 74 51 et
5228 1385 146 40 aux
5396 1365 540 60 collaborateurs
5945 1357 172 60 dela
6127 1354 166 73 plus
6298 1345 272 78 grande

5144 1460 374 72 entreprise
5572 1447 738 77 cinématographigue
6373 1458 191 41 mon-

5137 1552 216 90 diale:
5381 1548 190 61 Abel
5598 1555 245 55 Gance,
5875 1541 406 69 l'archange
6322 1532 98 60 du
6437 1540 129 63 pa-

5141 1635 334 80 roxysme;
5506 1632 244 67 Pierre
5801 1634 338 62 Bonardi
6149 1636 192 54 notre
6405 1641 155 41 con-

5136 1734 185 71 frère
5365 1741 71 49 et
5456 1739 201 51 notre
5682 1729 161 68 ami;
5868 1724 418 63 Dieudonné
6319 1710 253 84 appelé

5141 1828 49 56 à
5216 1828 426 79 représenter
5678 1841 133 39 une
5827 1820 258 72 figure
6102 1815 308 75 quinous
6451 1807 110 59 de-

5142 1917 227 61 meure
5403 1903 223 84 chère,
5700 1913 266 73 malgré
6024 1916 171 62 tout,
6254 1914 184 64 pour
6499 1898 63 60 le

5139 2016 493 66 rayonnement
5714 2008 87 57 de
5840 2012 195 52 nofre
6084 2008 164 52 race
6295 2015 130 41 sur
6497 1993 60 58 le

5140 2103 269 59 monde:
5459 2102 68 58 le
5601 2098 290 75 général
5947 2097 432 66 Bonaparte;
6419 2088 141 71 An-

5135 2192 269 66 dréani,
5428 2196 254 53 maître
5698 2189 169 56 dela
5912 2188 223 58 scène,
6176 2176 308 70 Volkoff,
6494 2176 65 56 le

5130 2283 238 73 grand
5378 2274 298 66 metteur
5701 2299 83 39 en
5808 2278 200 58 scène
6019 2291 212 43 russe.

5211 2374 100 60 Ils
5324 2374 332 60 viennent
5672 2391 82 39 en
5783 2367 206 63 Corse
6007 2379 419 72 commencer
6456 2357 100 60 les

5126 2473 225 69 prises
5363 2468 90 59 de
5477 2485 171 41 vues
5667 2463 124 75 qui
5802 2464 100 59 les
5913 2461 476 60 entraîneront
6390 2462 161 70 par-

5134 2572 151 52 tout
5343 2564 90 58 où
5474 2561 172 59 s’est
5733 2556 316 61 déroulée
6097 2552 457 61 l'émouvantfe

5133 2654 251 81 épopée
5407 2638 131 90 qui
5558 2672 90 39 ne
5664 2652 113 73 fut
5784 2652 344 71 peut-être
6153 2645 213 73 qu'un
6413 2659 142 41 ma-

5133 2750 326 59 lentendu
5503 2766 175 40 avec
5700 2742 262 61 Pascal
5996 2739 213 59 Paoli
6255 2732 304 63 d'abord

5065 2868 7 5 |
5122 2832 655 83 puisunevendetta
5800 2843 191 54 entre
6008 2831 210 77 le-fils
6235 2829 88 84 de
6343 2827 210 62 Char-

5130 2936 103 57 les
5243 2936 407 70 Bonaparte
5696 2938 69 53 et
5786 2929 297 72 l'enfant
6105 2924 88 60 de
6216 2922 236 60 Pozzo
6479 2918 78 59 di

5132 3027 243 74 Borgo,
5428 3027 207 60 Corse
5688 3023 359 59 au-dessus
6106 3013 87 65 de
6245 3022 170 53 tout.
6446 3012 105 61 La

5123 3120 219 70 gloire
5365 3119 90 59 de
5476 3117 362 74 Napoléon
5863 3115 205 72 qu'on
6093 3110 193 59 nous
6327 3115 225 64 repro-

5128 3213 126 58 che
5280 3191 80 80 en
5401 3211 309 59 certains
5733 3206 280 62 milieux
6064 3220 171 43 avec
6274 3206 157 54 tant
6464 3197 86 59 de

5128 3302 428 71 véhémence,
5647 3307 105 54 est
5804 3301 214 57 nôtre.
6094 3294 125 61 Ses
6288 3309 264 44 erreurs

5127 3398 196 60 aussi
5366 3397 129 73 qui
5535 3403 164 69 sont
5736 3400 133 53 unè
5919 3390 320 75 synthése
6294 3386 90 58 de
6424 3403 126 40 nos

5125 3489 296 71 défauts.

5172 3580 213 64 Abel
5420 3567 254 73 Gance
5703 3579 123 73 qui
5867 3573 417 77 entreprend
6316 3572 75 59 la
6442 3573 104 57 ré:

5120 3676 374 59 surrection
5536 3672 108 59 du.
5666 3672 173 73 plus.
5852 3668 243 74 grand
6115 3668 122 59 des
6270 3674 280 65 person-

5120 3786 218 54 nages
5361 3766 417 74 historiques
5801 3763 150 59 doit
5984 3769 215 60 rester
6229 3780 93 39 en
6371 3777 177 40 mar-

5114 3861 202 71 ge.de
5339 3879 125 41 nos
5479 3860 431 69 discussions
5927 3854 385 76 familiales
6324 3852 220 60 —Son

5120 3972 227 50 œuvre
5376 3972 179 41 nous
5579 3949 157 65 sera
5764 3970 94 41 au
5870 3951 300 73 premier
6185 3945 166 74 chef
6358 3947 188 80 bien-

5112 4047 316 71 faisante
5447 4082 83 10 —
5551 4045 172 75 qu'il
5741 4051 277 87 accepte
6042 4034 175 69 donc
6279 4059 127 41 nos
6448 4058 91 40 re-

5118 4113 467 113 merciements
5620 4131 199 89 avec
5873 4155 126 78 nos
6050 4119 321 131 souhaits
6459 4132 95 58 de

5110 4216 390 109 bienvenue
5513 4266 71 36 —
5632 4240 122 78 dL
5857 4304 16 11 LE

5992 4275 134 154 à
6153 4273 299 148 Muvra:

5087 4843 7 5 _
5114 4790 255 73 Racontu
5386 4805 111 51 per
5513 4791 214 66 Pasqua

5206 4980 651 212 Pasqua
5922 4957 535 192 Felice

5202 5422 251 87 Eramu
5529 5447 74 62 in
5609 5439 272 94 témpu
5946 5447 72 64 di

5115 5554 245 75 témpu
5421 5548 94 68 di
5537 5546 168 80 dôli,
5759 5548 354 77 d’affanni,

6107 5443 237 103 guerra
6366 5461 46 62 ;

6184 5534 90 93 d'
6282 5463 230 165 ultime

5113 5643 358 88 partanze,
5513 5649 292 65 d'amori
5850 5651 286 65 tronchi
6190 5699 71 14 ...
6304 5651 32 66 I
6375 5634 193 100 pae-'

5117 5752 83 79 si
5241 5740 66 74 di
5393 5745 310 70 "Corsica
5777 5754 368 82 maigradu
6217 5772 37 43 a
6305 5745 223 85 lunta-

5115 5860 213 54 nanza
5396 5851 96 70 d'i
5568 5855 302 87 cannoni
5925 5858 221 60 eranu
6207 5856 346 87 anch'elli

5115 5964 197 71 muti,
5412 5964 237 82 tristi,
5703 5967 236 88 morti,
6007 5982 206 46 cume
6274 5954 280 95 giaidi-

5101 6053 86 71 ni
5261 6052 404 89 d'invernu,
5753 6067 361 92 spogliati,
6194 6055 331 76 sfiuriti...

5116 6161 72 92 Si
5226 6166 197 60 vidia
5488 6151 304 112 appuntu
5866 6170 282 98 qualchi
6228 6171 302 79 vecchiu

5112 6248 438 96 legghiendu
5619 6274 63 52 u
5719 6251 338 97 giurnale
6082 6288 37 43 a
6158 6277 48 53 u
6240 6272 175 75 sole,
6463 6287 82 47 o

6222 6372 327 87 mamma.

5114 6472 42 56 o
5197 6466 67 62 di
5296 6468 286 61 surella
5616 6466 364 89 affaccarsi
6047 6474 169 81 ogni
6252 6479 199 59 tantu
6490 6495 51 43 a

5114 6578 204 53 auna
5388 6573 216 83 porta
5644 6620 77 31 ...
5774 6561 112 77 Un
5907 6563 456 95 s'aspettava
6398 6561 146 79 che

5111 6680 141 70 una
5319 6679 172 54 cosa
5532 6686 32 48 :
5592 6665 67 73 U
5713 6666 166 89 giru
5940 6676 73 62 di
6088 6695 43 54 u
6199 6678 267 81 pidone
6507 6681 34 84 !

5114 6365 279 85 qualchi
5457 6366 169 63 visu
5692 6368 319 65 inchietu
6049 6360 68 73 di

5088 6766 293 88 Quellu
5434 6773 243 81 jornu,
5742 6793 207 46 cume
5984 6796 304 64 sempre,
6330 6797 40 45 a
6404 6797 123 64 po-

5113 6879 81 54 cà
5213 6872 208 79 jente
5460 6873 120 63 d'u
5615 6893 207 62 paese
5861 6878 123 62 era
6013 6881 198 62 unita
6236 6870 75 72 in
6351 6883 174 80 piaz-

5108 6989 77 46 za
5229 6973 68 62 di
5364 6992 38 44 a
5439 6981 230 77 posta.
5715 6977 226 76 Quasi
5972 6982 162 61 tutti
6181 6999 38 43 e
6253 6983 265 78 donne,

5093 7085 233 72 eranu
5363 7078 76 59 in
5471 7067 201 85 neru,
5749 7082 370 84 acciacate,
6199 7084 325 66 silenzio-

5110 7182 157 56 se...
5336 7175 146 79 Ma,
5526 7178 227 90 Luisa,
5820 7181 117 64 chi
5980 7184 301 77 circava,
6284 7171 169 101 ella
6467 7186 53 65 ?

5102 7272 126 67 Un
5265 7278 60 61 si
5373 7281 277 78 sapiva
5687 7279 447 80 ch'ell’avissi
6176 7303 35 45 a
6247 7288 288 64 nimmi

5105 7393 54 57 «
5183 7377 259 79 quassù
5479 7401 65 38 >».
5558 7370 51 70 !
5650 7429 70 13 ...
5816 7383 133 64 Era
6060 7387 268 64 sebiata
6395 7408 129 63 per

5039 7510 3 3 |
5093 7484 266 76 quessa
5398 7480 17 61 !
5469 7470 338 76 Purtantu
5843 7504 50 44 u
5928 7488 262 91 pidone
6261 7488 167 79 esci,
6469 7495 50 61 li

3600 7534 294 69 dernier,
3943 7542 114 69 gu
4058 7511 368 116 approuva
4470 7521 202 87 notre
4719 7520 327 109 confrére.

3597 7624 77 59 Za
3700 7626 321 64 Nouvelle
4068 7607 242 92 Corse.
4348 7639 87 70 de
4467 7641 182 61 Jean
4692 7645 223 85 Maki,
4955 7652 91 53 et.

5104 7573 230 81 dedde
5369 7598 144 45 una
5542 7583 273 79 lettera,
5859 7595 208 78 senza
6099 7584 415 73 franchizia!

5103 7667 139 78 Per
5300 7682 246 64 sicuru
5618 7690 116 60 èra
5797 7694 97 56 un
5966 7692 256 62 sullatu
6284 7692 114 66 chi
6465 7698 52 62 li

5100 7782 289 83 SCrivia
5402 7785 15 60 !
5454 7761 226 106 Luisa,
5754 7805 202 69 rossa
6053 7787 459 95 d’emuzione,

5090 7873 215 93 pigliò
5377 7860 42 88 a
5448 7888 273 75 lettera,
5752 7907 49 59 a
5830 7900 243 57 messe
6110 7896 74 62 in
6222 7896 183 67 furia
6439 7902 76 63 in

5093 7976 77 70 lu
5205 8002 78 46 so
5325 7999 203 66 senu,
5555 8007 44 67 e
5635 7987 263 89 scappò
5922 8000 323 95 prestu...
6263 7988 270 85 Giun-.

5094 8102 80 46 se
5238 8089 80 62 in
5354 8106 165 48 casa
5548 8065 331 126 affannafa
5890 8114 64 60 ;
5969 8119 6 2 ‘
6025 8100 64 86 si
6124 8098 245 83 chiuse
6437 8107 74 62 in

5077 8176 342 75 camera;
5462 8199 49 53 ù
5565 8208 81 47 so
5685 8211 164 70 core
5924 8146 321 142 inquietu,
6325 8197 187 98 sbat-.

5053 8269 276 100 tulava
5366 8235 148 139 forte
5535 8309 69 57 ;
5645 8278 298 84 stracciò
5975 8303 232 74 quella
6234 8273 277 159 povera
6561 8312 119 90 tè,
6713 8334 140 88 per
6895 8315 298 93 sempre..

5093 8394 227 112 carta,
5337 8394 332 88 elesse:

5383 8577 114 64 "A
5539 8580 142 67 miò
5717 8576 152 117 sola
5888 8599 167 54 cara
6054 8576 59 117 ;

5173 8730 38 52 «
5233 8691 86 85 Ti
5358 8706 245 73 scrivu
5641 8702 281 111 annant'
5927 8743 38 46 a
5997 8744 39 44 e
6071 8729 148 62 mio
6259 8732 247 79 ginoc-

5085 8829 41 43 «
5165 8812 180 80 chie,
5387 8819 113 61 in
5463 8802 52 102 -
5526 8806 225 91 fretta,
5793 8835 281 57 mentre
6115 8829 111 65 chi
6266 8852 43 43 u
6349 8853 154 53 can-

5085 8933 42 38 «
5152 8932 189 47 none
5380 8919 66 61 si
5486 8924 105 59 sta
5616 8941 96 45 un
5750 8942 190 63 pocu
5974 8924 169 108 zittu:
6201 8919 300 99 Malgra-

5090 9033 36 67 «
5170 9017 92 62 du
5310 9024 119 58 stu
5462 9013 302 88 piriculu
5827 9020 116 73 chi
5970 9023 73 72 ci
6091 9029 219 88 segue
6347 9032 153 72 not-

5080 9135 43 44 «
5151 9124 68 57 te
5249 9139 42 67 e
5309 9109 335 104 ghiornu,
5662 9146 43 42 u
5732 9128 151 66 miò
5904 9149 164 48 core
6097 9135 191 67 batte
6317 9134 206 88 sem--

5079 9238 195 75 «pre
5305 9242 38 44 e
5391 9232 135 74 per
5552 9225 69 64 tè
5658 9231 230 63 sola...
5900 9233 311 86 Aghiu
6281 9230 218 79 avutu

5075 9338 45 43 «
5149 9327 152 60 ottu
5334 9326 242 81 giorni
5616 9329 69 62 di
5721 9349 398 63 permessu;
6159 9336 143 69 S'iô
6347 9362 148 47 non

5079 9441 146 47 «so
5298 9434 273 59 venuto
5656 9432 75 62 in
5796 9429 321 88 Corsica,
6186 9442 58 77 è
6287 9436 207 74 ch'un

5082 9542 30 41 «
5154 9520 288 125 n'aghiu
5530 9545 435 61 veramente,
6035 9551 354 70 pussutu
6324 9532 80 94 :
6423 9549 70 67 U

5075 9644 40 37 «
5152 9625 158 65 miò
5351 9629 264 76 babbu,
5654 9625 106 70 ha
5803 9642 339 78 vugliutu
6165 9644 328 71 ch'andas

5075 9728 126 59 «si
5248 9745 39 43 a
5322 9729 313 80 Angers,
5684 9735 312 67 duvell'è
6039 9743 448 86 impiegatu.
6434 9739 48 94 ;

5073 9813 135 74 «Sò
5247 9833 190 58 statu
5487 9829 209 66 culà.

5073 9944 40 37 «
5149 9925 331 85 Ahimé
5402 9921 78 93 !
5522 9930 110 63 chi
5629 9877 197 157 duri
5871 9945 152 60 ottu
6053 9943 233 101 jorni
6294 9950 14 61 !
6352 9951 135 67 Chi

5071 10040 432 67 crepacore,
5556 10023 116 84 elli
5702 10027 121 75 so
5888 10046 161 62 stati
6115 10067 131 61 per
6322 10055 162 63 mè!

5066 10123 272 80 Babbu,
5412 10130 189 66 m'ha
5669 10137 179 82 fattu
5918 10139 364 75 cunnosce
6350 10162 138 60 una

5065 10227 408 76 giovinetta
5524 10237 300 78 pinzuta,
5894 10245 256 65 ch'ellu
6183 10258 187 74 vole,
6413 10260 74 63 in

5040 10323 211 79 tutt'i
5316 10332 198 59 conti
5574 10334 220 65 darmi
5855 10350 131 70 per
6051 10356 270 70 sposa!
6372 10356 113 66 In-

5065 10437 194 47 vanu
5291 10415 272 91 l'aghiu
5596 10429 278 82 svelatu
5918 10462 48 43 u
5988 10453 266 61 nostru
6289 10472 198 52 amo-

5065 10522 133 58 re!
5276 10525 278 67 Invanu
5624 10537 212 80 aghiu
5908 10547 247 78 pientu
6228 10570 41 44 e
6324 10575 163 67 sup-

5066 10610 314 106 plicatu
5338 10606 83 123 !
5434 10644 254 68 Nunda
5721 10654 143 66 l'ha
5926 10661 460 76 intenneritu!
6431 10679 52 65 E

5063 10735 155 79 avà,
5271 10758 82 46 so
5430 10749 148 91 qui
5621 10762 438 77 scunsulatu,
6073 10785 66 48 a
6168 10789 239 51 mezzu
6439 10799 40 45 a

5064 10839 114 60 stu
5202 10839 250 82 fangu,
5487 10835 41 71 a
5560 10854 113 56 stu
5741 10867 295 74 sangue,
6080 10887 40 43 e
6156 10889 42 43 a
6232 10875 68 59 le
6329 10879 147 76 miò

5128 10930 214 171 rime
5356 10958 58 44 |
5404 10943 15 40 *
5496 10947 69 60 A
5598 10951 146 73 miò
5782 10960 154 63 vita
5964 10963 37 61 è
6030 10985 97 44 un
6156 10975 321 68 tormen-

5170 11085 75 14 ..
5286 11039 234 86 Prega
5582 11067 128 62 per
5766 11060 146 77 mè,
5956 11080 42 47 o
6033 11071 198 63 tanta
6266 11084 206 66 cara
6410 11074 60 89 !

5062 11033 244 192 Addio.
5401 11142 333 88 Baciami,
5803 11160 328 84 baciami,
6195 11175 62 62 ci
6317 11184 158 62 vole

5059 11253 45 44 a
5138 11257 203 49 corre
5379 11264 117 45 au
5490 11201 238 136 fucile
5775 11308 76 14 ~~

5160 11356 136 65 Per
5329 11371 313 76 sempre.
5987 11388 315 68 Antone.

6614 1933 186 65 fiori

6591 5948 93 58 ta
6720 5963 47 44 u
6804 5946 147 62 miò
6981 5964 161 47 core
7166 5951 34 62 ?
7228 5941 335 76 Scrivimi
7591 5973 17 57 ;

6534 11006 153 104 Ci
6646 11020 350 92 irnensi,

6533 11158 188 50 ec...

6911 395 2 2 >
7085 393 50 28 ==
7139 393 311 28 ——__PT2€__MT_
7619 397 9 5 -

6907 415 19 8 -
6948 404 129 29 ———6
7999 425 22 8 -

6744 540 134 63 Sta
6912 536 193 73 corta
7180 531 268 69 lettera,
7519 524 230 79 Luisa,
7780 535 68 63 la
7886 542 176 78 lesse

6656 640 171 62 d'un
6865 639 273 61 trattu
7088 619 73 107 :
7192 627 124 62 Poi
7347 643 39 42 a
7416 623 262 64 strinse
7725 646 335 76 annant'a

6652 756 50 43 u
6738 756 78 44 so
6870 738 220 106 pettu,
7148 721 423 86 s'appughiò
7638 741 37 44 a
7712 745 46 43 u
7792 734 197 90 lettu,
8022 776 37 43 e

6651 838 255 78 piense
6946 879 44 14 ..

6704 959 115 21 e
6844 879 282 130 Quanti
7165 910 186 105 jorni
7392 924 224 63 atroci
7664 935 212 70 passò
7937 960 111 67 Poi

6651 1045 208 75 senza
6929 1031 258 63 nutizie
7227 1031 15 57 !
7282 1025 308 74 Andava
7628 1024 72 62 in
7763 1033 222 80 piazza
8008 1079 92 49 a

6650 1116 273 97 aposta
6992 1136 178 57 tutte
7220 1131 67 59 le
7356 1133 187 55 sere:
7619 1115 51 71 È
7704 1144 275 73 sempre
8008 1147 78 82 a"

6648 1238 227 57 stessà
6939 1226 375 85 parulla
7321 1225 14 21 "
7373 1223 260 65 Nunda
7661 1245 130 61 per
7826 1244 121 62 voi
7975 1249 66 81 »

6646 1331 116 63 chi
6801 1349 40 43 a
6877 1328 307 69 lasciava
7254 1327 66 63 di
7363 1325 128 81 più
7528 1326 75 62 in
7641 1325 125 81 più
7829 1299 203 118 addu.

6643 1434 249 60 lurata.
6936 1429 50 62 E
7022 1427 201 63 Luisa
7264 1427 62 63 si
7363 1426 344 63 tumbava
7743 1430 72 65 di
7856 1442 185 74 pien.

6642 1532 184 62 ti:...
6875 1523 134 70 Chi
7047 1530 60 61 si
7168 1527 93 83 pò
7331 1525 93 78 fà,

6643 1632 133 63 che
6814 1627 390 84 pienghie?
7242 1676 69 14 ...

6722 1765 87 11 —
6865 1729 270 81 Pasqua
7204 1728 457 77 s'avicinava,
7730 1749 84 46 cu
7854 1756 48 44 u
7968 1765 75 50 so

6640 1834 168 62 sole.
6854 1831 269 81 tepidu,
7156 1831 21 62 i
7217 1846 80 48 so
7335 1833 191 61 canti
7569 1829 280 70 d'ucelli
7889 1841 152 76 in.]ij

6901 1931 357 79 sbucciati,
7301 1950 138 45 cun
7513 1938 182 60 tutta
7752 1936 288 78 “‘l’alle].

6898 2035 68 63 di
7004 2052 39 44 a
7089 2033 279 65 Natura.
7451 2033 343 67 Purtantu
7836 2039 20 62 i
7898 2055 139 61 cori

7237 2136 80 60 A.
7363 2134 302 94 Natura,
7688 2141 181 73 ella,
7899 2124 126 108 -un

6636 2036 145 63 luia
6807 2033 36 26 "

6624 2143 235 54 éranu
6928 2136 190 61 tristi
7149 2154 51 41 :-

6633 2234 201 78 sapia
6905 2233 112 61 chi
7057 2230 169 75 culà,

6632 2350 334 57 mamme,
7043 2349 392 57 cascavanu
7471 2334 71 62 in
7585 2336 218 79 pienu
7845 2358 196 60 vera:

6635 2454 141 43 nu
6765 2434 67 60 !....
6934 2431 51 63 E
7016 2434 73 61 lu
7125 2430 160 67 còre
7316 2433 71 62 di
7431 2433 227 79 Luisa,
7721 2456 206 54 cume
7946 2420 91 100 un

6632 2478 347 145 sepolcru,
7085 2538 194 81 stava
7355 2534 255 64 chiusu
7716 2555 323 68 annant'a

6631 2638 440 82 l'immagine
7098 2635 68 64 di
7186 2635 308 76 l'amatu,
7522 2641 324 68 annant'a
7883 2645 160 87 l'os.

6630 2743 100 62 tia
6769 2756 197 46 sacra
7003 2758 38 43 e
7069 2755 154 46 cara
7258 2738 90 63 di
7356 2741 77 60 lu
7468 2755 84 55 so
7584 2758 295 53 amore...

6718 2842 364 77 Purtaritu,
7121 2858 36 44 a
7193 2846 208 76 mane
7441 2859 7 17 :
7496 2840 73 73 di
7616 2861 71 68 u.
7714 2845 217 79 jornu
7964 2860 64 66 di

6621 2936 290 89 Pasqua
6982 2938 200 65 s'alzò
7252 2939 123 81 più
7403 2925 363 82 cuntenta
7743 2921 55 109 !

6630 3048 227 59 stessa
6894 3060 118 46 era
7048 3042 521 80 smaravigliata
7610 3042 14 60 !
7672 3063 28 40 «
7733 3044 146 69 No!
7921 3040 114 82 di.

6630 3146 129 82 cia,
6790 3161 96 47 no
6917 3142 16 61 !
6966 3145 283 79 Antone
7285 3161 97 44 un
7422 3141 113 64 n'è
7571 3149 233 60 mortu
7838 3151 16 59 !
7887 3154 139 71 Dio

6629 3246 39 63 è
6714 3253 262 75 troppu
7056 3244 189 64 bonu
7288 3245 14 59 !
7346 3241 223 68 Sentu
7607 3265 38 43 a
7704 3242 288 117 speranza

6628 3343 115 89 chi
6816 3332 488 118 risusciteghia
7372 3347 82 95 in
7504 3346 150 87 mè,
7758 3367 275 69 cumea

6626 3436 360 78 verdura
6967 3469 76 44 in
7072 3449 45 63 li
7159 3438 257 93 campi,
7467 3453 232 82 cunie.
7720 3443 258 100 Gesù
7960 3476 92 52 in

6631 3552 80 62 lu
6787 3549 335 82 Sepolcru
7180 3552 14 61 !
7263 3550 65 65 U
7377 3548 152 68 miò
7591 3529 168 88 core
7832 3536 199 94 cantà

6623 3640 419 76 l'Allelluia.
7084 3650 108 73 .U
7264 3650 306 95 Signore
7640 3649 384 88 m'averte
7965 3636 39 113 !

6638 3719 409 134 Averaghiu
7083 3772 135 57 una
7248 3743 278 98 Pasqua
7521 3731 204 119 felice
7739 3759 60 68 !
7840 3782 31 38 »
7913 3750 115 97 Ea

6623 3873 273 63 povera
6957 3845 224 74 zitella
7227 3850 356 112 cuntenta,
7636 3839 183 91 saltò
7818 3835 181 146 fora,

6624 3976 39 44 e
6703 3975 209 47 corse
6948 3966 39 56 a
7022 3976 37 45 a
7098 3940 223 84 Posta.
7341 3995 90 10 —

6713 4060 205 66 C'era
6954 4080 136 44 una
7114 4063 254 81 lettera
7406 4063 115 65 chi
7569 4038 453 125 l'aspettava:

6624 4161 130 65 Era
6792 4163 394 76 d'Antone!
7229 4153 230 79 Cume
7491 4154 594 108 d'amarezza,un..

6616 4267 71 60 si
6746 4283 250 64 more
7022 4269 69 89 di
7127 4269 254 93 gioia!
7416 4269 261 96 Luisa,
7690 4254 366 147 l'aperse,.

6621 4366 114 62 for
6762 4366 74 93 di
6866 4366 126 115 sè...
7055 4384 32 45 e
7105 4354 239 112 lesse:
7333 4388 17 12 :

6902 4580 215 97 Luisa,
7153 4561 59 91 a
7224 4558 155 112 mio
7421 4583 271 97 Pasqua.
7909 4619 27 11 ~

6708 4736 47 38 «
6759 4714 84 64 Ti
6882 4710 236 87 scrivu
7136 4715 101 65 da
7273 4737 45 42 u
7347 4718 154 65 miò
7548 4723 176 64 lettu
7754 4720 263 97 d'ospe-

6617 4816 190 77 d'ale,
6841 4818 249 64 biancu
7122 4819 280 82 biancu,
7436 4819 39 66 é
7506 4842 89 44 un
7644 4827 100 63 mi
7771 4844 277 58 manca:

6617 4919 134 64 che
6789 4939 42 45 a
6899 4928 72 58 to
7015 4939 373 64 presenza.
7415 4931 254 73 amata,
7697 4949 98 62 per
7826 4946 172 126 esse
8040 4950 13 10 |

6615 5022 302 65 felice...
6943 5042 79 46 so
7060 5025 240 78 feritu;
7329 5027 130 64 oh!
7516 5031 196 63 mica
7728 5039 249 63 assai...

6615 5144 98 44 un
6750 5129 356 78 pezzacciu
7131 5128 66 64 di
7225 5129 325 83 piombu
7547 5127 228 71 m'ha:
7770 5086 236 139 purta-

6427 5252 11 8 -
6494 5253 13 7 -
6556 5219 138 71 [tu
6730 5246 49 43 u
6808 5229 277 64 bracciu
7104 5248 343 48 mancu...
7495 5232 117 66 Un
7646 5228 353 126 t'addispe-
8049 5299 36 35 ~

6613 5327 113 67 rà!
6792 5330 85 66 sò
6902 5335 327 79 guaritu!
7304 5337 223 62 Ancu
7556 5343 155 59 ottu
7742 5339 212 82 jorni
7973 5362 51 46 e'

6552 5460 4 3 n'[
6610 5434 153 79 poi
6767 5451 234 66 vengu
7027 5432 216 68 versu
7274 5436 72 65 tè
7371 5439 30 60 !
7413 5436 307 82 Dimmi,
7771 5443 264 81 dimmi.

6613 5535 244 64 subitu
6886 5554 74 46 se
6984 5545 73 56 tu
7084 5542 145 61 voli
7269 5558 161 46 esse
7460 5561 41 44 a
7522 5546 209 61 mea?
7759 5548 70 61 A
7857 5533 162 97 spo-

6613 5654 78 45 sa
6742 5637 256 65 ch'ellu
7056 5643 96 61 mi
7189 5644 199 63 vulia
7415 5674 7 6 -
7449 5642 139 65 dà.
7596 5647 262 78 babbu,
7925 5633 85 81 un

6610 5736 258 67 m'ama
6904 5740 124 81 più
7061 5742 192 83 dipoi
7301 5744 213 65 ch'un
7529 5730 311 105 n'aghiu
7891 5751 120 65 chè

6611 5852 115 52 un
6711 5837 408 96 bracciu...
7135 5837 246 96 Dimmi
7435 5850 96 62 !'a
7561 5857 199 72 te;un
7783 5856 55 61 ti
7864 5855 146 61 bas-

6610 6059 151 62 mu,
6778 6065 54 43 e
6876 6049 53 61 ti
6967 6050 324 91 basgiu...

6618 6190 5 4 |
7604 6158 362 94 Antone...

6697 6352 189 65 Duie
6944 6359 291 80 lagrime
7285 6366 180 62 calle
7502 6372 344 77 sgottonu
7903 6360 136 72 an--

6590 6455 257 64 nant'a
6884 6461 228 77 quella
7138 6479 157 49 cara
7339 6474 220 59 carta:
7598 6468 210 66 Luisa
7857 6469 155 78 s'in-

6586 6558 406 80 -Binocchiò
7046 6580 55 46 a
7135 6584 45 44 u
7238 6564 339 84 pede-d'u
7617 6569 245 70 lettu:
7902 6570 131 87 Un

6608 6662 432 74 sentimentu
7077 6673 307 79 cunfusu
7420 6674 76 63 di
7518 6677 217 79 gioia,
7757 6674 311 67 d'ami-..

6606 6771 213 68 rezza,
6883 6766 69 62 di
6977 6756 438 94 tennerezza,
7451 6795 40 44 a
7545 6779 432 84 stringhia...

6608 6860 244 82 S'alzò,
6895 6869 59 62 si
6989 6859 218 94 fighiò
7237 6893 39 45 a
7304 6895 49 44 u
7390 6878 425 81 specchiu...
7824 6883 46 62 A
7869 6822 136 148 vià

6607 6974 141 55 ùna
6800 6969 292 81 lagrima
7126 6975 350 81 all'occhi,
7517 7001 92 45 un
7661 6986 275 64 surrisu
7972 7000 43 46 a

6605 7086 59 74 e
6672 7070 286 65 labbre!
6999 7071 110 67 Sì
7080 7066 35 101 !
7142 7088 118 54 era
7299 7087 384 63 cuntenta
7644 7066 52 101 !
7725 7082 283 70 L’ama-

6598 7173 83 59 tu
6718 7174 163 63 avia
6941 7176 309 81 suffertu,
7280 7195 157 52 ma
7476 7203 116 48 era
7640 7190 204 76 vivu,
7894 7195 115 57 erà

6605 7274 154 62 soiu
6788 7276 14 58 !
6835 7272 244 82 Corse,
7120 7283 229 82 pigliò
7377 7304 116 44 un
7512 7277 228 95 fogliu
7767 7293 72 62 di
7870 7308 142 47 car-

6604 7378 92 72 ta,
6742 7391 41 46 e
6837 7376 74 63 in
6947 7377 178 68 furia
7158 7385 58 61 si
7254 7396 241 56 messe
7489 7372 82 97 a
7556 7395 317 62 scrive
7909 7399 102 66 sta

6602 7478 251 62 lettera
6914 7479 111 65 chi
7086 7485 122 63 noi
7267 7506 101 43 un
7430 7484 576 137 riproducemmu

6579 7579 210 65 ‘mica
6824 7586 216 60 tutta
6989 7575 46 92 i
7050 7575 47 92 :

6721 7847 37 55 -
6970 7808 147 97 U
7130 7803 444 109 mi’Antone
7901 7898 50 16 _

6649 7903 226 69 «Chi
6893 7908 309 95 Pasqua
7211 7914 239 101 felice,
7487 7933 128 71 per
7634 7925 197 66 noi!
7878 7913 111 75 Ùn

6581 7998 312 106 bracciu
6919 8033 94 45 un
7046 8018 54 72 ti
7136 8011 201 74 basta
7370 8025 131 79 per
7549 8014 413 117 stringhiemi

6572 8107 309 119 annant'
6882 8108 227 75 auto
7147 8127 227 90 pettu,
7443 8132 37 58 è
7525 8127 130 83 per
7677 8128 313 96 carezzar

6593 8213 22 62 i
6646 8219 228 61 nostri
6913 8210 300 91 figlioli?
7245 8212 111 107 T'
7358 8211 186 114 amu,
7582 8216 321 118 saraghiu
7947 8227 35 107 a

7235 8345 87 44 D
7374 8377 25 7 -

7275 8418 90 107 G.
7395 8421 83 77 di
7505 8434 93 66 la,
7619 8430 301 107 Grotta.

6866 8756 847 120 L'Almanaccu

6685 8981 660 92 L'Almanaccu
7360 8999 90 77 -di
7506 9004 82 76 A
7628 9028 16 40 :
7670 9004 316 82 Muvra

6577 9130 152 80 per
6756 9116 189 102 1925
6987 9123 44 71 è
7067 9126 338 76 surtitu!
7450 9132 140 77 208
7634 9113 332 147 ‘pagine!

6580 9230 169 112 100:
6783 9235 298 201 disegni
7164 9252 17 72 !
7260 9251 92 118 8
7346 9272 372 107 canzoné
7768 9268 126 90 cu
7927 9263 46 61 à

6575 9367 388 78 musica
6918 9360 108 107 |.
7043 9360 55 107 -
7823 9440 58 19 cu

6672 9480 49 126 I
6759 9497 180 137 più
6979 9444 206 160 gran
7240 9497 370 108 scrivani
7651 9530 43 62 e
7722 9440 240 183 pueta

6577 9599 278 113 corsi
6791 9595 88 131 :
6900 9616 268 92 Santu
7225 9634 473 103 Casanova,
7778 9629 201 116 Luc-

6576 9740 300 107 ciardi,
6948 9744 484 125 Maistrale,
7497 9762 450 114 _Maàrtinu,

6577 9871 644 113 Appinzapalu,
7316 9892 75 92 U
7435 9851 518 176 Strampala-

6574 10001 117 87 tu,
6733 9999 72 77 U
6842 10005 667 119 Sampetracciu,
7541 10011 416 91 Tristani,

6567 10103 301 108 Marco
6933 10130 354 114 Angeli,
7369 10134 607 93 d'Altimonti-

6567 10249 444 109 M'inicàle,
7053 10268 362 80 Simonu
7458 10271 117 80 di
7577 10259 104 100 li.
7698 10257 240 127 Lecci,

6571 10320 602 162 Sambucucciu
7191 10397 103 92 di
7324 10387 402 109 Casinca,
7758 10376 209 98 Bor-.

6556 10502 319 103 ghetti,
6968 10510 387 90 Simonu.
7404 10528 372 91 d'Aullè,
7837 10504 109 89 G-

6577 10627 539 110 Olivieri,G.
7164 10650 392 103 Luciani,
7653 10637 273 95 G.P.

6570 10699 475 174 Codaccioni
7097 10761 314 119 Ayrn,
7443 10716 502 177 Guglielmi,

6558 10876 324 106 Pincu,
6935 10893 87 77 U
7058 10878 459 134 Babbuziu,
7621 10887 326 111 Matteo

7108 11023 116 77 G.
7293 11030 139 77 di
7482 11061 92 50 a
7612 11000 366 110 Grottà,.

6586 11366 37 10 _
6644 11268 401 113 Prezzu:
7110 11280 506 104 3franchi.
7671 11352 102 33 ..

6657 11396 124 77 Pè
6837 11430 56 51 a
6904 11417 253 92 posta
7196 11448 30 48 :
7245 11416 60 78 4
7328 11412 418 123 franchi.

7504 1527 78 61 in
7639 1530 97 61 tal
7801 1534 242 81 dulore

7309 2233 23 61 i
7369 2233 165 64 fiori
7600 2237 149 60 cari
7772 2256 39 43 a
7846 2224 211 100 tante

7893 2942 133 92 Ella.

7621 5955 266 79 t'amu,
7902 5955 124 68 t'a-

8103 3307 24 10 -
